2248 3363
568 392 632 423 642
950 388 1162 424 LETTERS
1192 388 1253 424 oF
1282 387 1508 423 ERASMUS
1828 387 1923 436 [15¹3

567 477 690 511 messis
719 478 782 511 est.
831 476 951 511 Pridie
980 487 1087 520 quam
1118 478 1198 510 tuae
1230 476 1320 510 mihi
1350 476 1593 519 redderentur,
1621 477 1850 521 scripseram
1877 487 1924 520 ps·

520 540 553 568 ²5
567 531 745 566 Brianum.
793 531 832 565 Is
856 531 980 565 horum
1001 531 1184 565 Gallorum
1207 531 1392 564 historiam
1416 530 1604 564 volumine
1630 531 1854 575 complexus
1872 534 1922 565 est.

567 584 770 620 Carmiliuni
797 585 1017 629 epitaphium
1049 584 1131 627 vidi,
1155 595 1306 629 cumque
1337 585 1490 628 legerem
1514 585 1714 627 pullulare,
1747 587 1758 604 ‘
1771 586 1862 621 Hic'
1882 587 1923 620 in·

567 651 672 683 quam
696 640 846 673 ‘scabies
867 640 962 680 est’3
986 640 1109 673 deinde
1130 651 1212 673 cum
1235 638 1427 673 sciscitanti
1450 639 1735 683 respondissent
1759 652 1839 675 esse
1859 641 1924 675 ew

568 694 719 733 miliani,
736 694 900 738 respondi
917 696 926 713 ⁴
936 705 1021 728 sane
1036 694 1113 738 ipso
1129 694 1275 737 dignum
1291 693 1368 728 est!
1410 693 1453 727 Id
1469 693 1620 737 quidam
1637 694 1698 728 sic
1715 698 1923 739 aeceperunt,

570 748 669 791 quasi
686 748 851 782 dixissem
866 749 1050 783 Scotorum
1067 749 1160 792 Rege
1176 748 1324 791 dignum
1338 760 1347 790 ;
1370 748 1499 791 quibus
1513 748 1742 791 plusculum
1757 752 1839 784 erat
1851 750 1920 790 nni.

522 812 558 839 30
569 802 749 837 subrisere.
798 803 866 838 Sed
887 815 951 838 nae
972 805 1011 838 tu
1028 803 1135 838 homo
1151 803 1303 836 nimium
1319 814 1357 837 es
1372 802 1554 844 candidus,
1573 803 1645 846 qui
1667 804 1828 839 belluae
1839 805 1923 839 istius

571 857 681 891 famae
697 858 869 892 consulas.
915 858 973 891 Ita
987 869 1045 891 me
1060 858 1155 892 Deus
1170 858 1272 900 amet,
1285 868 1414 901 magno
1429 857 1579 891 emerim
1597 858 1634 891 si
1655 858 1844 894 siluisses.
1885 859 1923 893 De

570 911 731 954 Baptista
746 912 855 946 miror
870 914 1009 946 tantum
1025 912 1064 946 in
1085 912 1201 946 literis
1221 911 1292 945 tuis
1313 923 1387 946 esse
1402 912 1598 946 silentium.
1654 912 1766 948 Nam
1781 914 1925 949 Bauium

571 977 653 999 mox
675 966 860 1000 adfuturus
885 967 1082 1000 nunciatur.
1133 967 1218 1009 Age,
1239 965 1542 1000 ‘sanctissimum’
1564 976 1629 1000 me
1652 977 1787 1010 vocas,
1813 971 1852 1004 st
1870 980 1925 1003 non

570 1021 647 1055 sine
661 1021 794 1055 summi
810 1022 994 1055 Pontificis
1010 1021 1149 1055 iniuria.
1186 1020 1285 1063 Quod
1301 1023 1418 1055 autem
1433 1020 1621 1064 epitheton
1637 1022 1788 1057 rectius
1805 1024 1926 1067 quadr*

523 1083 558 1112 35
573 1074 634 1109 bat
659 1075 698 1109 in
722 1075 875 1110 militem
895 1078 932 1110 et
955 1075 1123 1110 victorem
1145 1086 1250 1118 quam
1278 1075 1530 1109 ‘fortissimi’?
1568 1074 1744 1111 Etiamsi
1769 1088 1925 1122 nugarum

573 1130 692 1173 ἁμάξας
713 1130 850 1171 habeas,
868 1142 939 1164 non
963 1130 1067 1164 modo
1090 1129 1251 1171 sacculos,
1270 1141 1451 1173 nunquam
1468 1131 1591 1163 tamen
1616 1131 1804 1167 animum
1828 1143 1925 1167 meum

573 1184 737 1227 explebis,
762 1185 794 1218 si
816 1184 1001 1229 contigerit
1025 1186 1142 1218 tecum
1165 1183 1327 1227 colloqui.

619 1238 730 1272 Video
745 1238 791 1272 M.
809 1239 978 1273 Ioannem
995 1241 1107 1280 tuum,
1126 1238 1198 1272 imo
1219 1241 1389 1280 nostrum,
1406 1238 1444 1271 in
1467 1237 1638 1273 curandis
1663 1239 1797 1276 literis
1819 1240 1926 1277 nostris

575 1292 883 1336 diligentissimum
904 1294 1019 1328 fuisse.
1067 1293 1191 1336 Itaque
1213 1292 1323 1336 pluris
1347 1292 1527 1326 hominem
1549 1292 1658 1335 facio,
1678 1297 1925 1341 quanquam&

524 1361 563 1391 ⁴⁰
574 1349 677 1382 antea
691 1347 781 1381 mihi
796 1348 949 1382 charum.
997 1347 1044 1389 Is,
1062 1347 1115 1381 vti
1137 1349 1266 1389 narrat,
1283 1358 1354 1381 non
1376 1346 1488 1381 ambit
1509 1347 1728 1392 mediocria,
1749 1352 1818 1386 sed
1834 1361 1927 1386 metus

575 1402 800 1446 episcopatus.
849 1403 997 1437 Vtinam
1012 1402 1171 1436 succedat
1186 1415 1195 1443 ς
1217 1401 1359 1436 videtur
1372 1401 1476 1435 amici
1491 1401 1719 1447 candidique
1737 1406 1868 1441 animi.

621 1457 704 1499 Nos,
737 1457 789 1490 mi
820 1456 998 1497 Ammoni,
1033 1456 1104 1490 iam
1135 1466 1274 1490 menses
1303 1455 1436 1499 aliquot
1466 1455 1570 1499 plane
1610 1458 1798 1495 cochleas
1836 1461 1927 1495 viam

575 1512 752 1553 viuimus3
776 1512 873 1545 domi
895 1511 1063 1545 contracti
1084 1511 1282 1554 conditique
1306 1521 1504 1544 mussamus
1528 1509 1568 1544 in
1594 1513 1756 1549 studiis.
1824 1516 1927 1560 Magn

578 1566 636 1600 hic
662 1566 835 1607 solitudo;
869 1566 996 1599 absunt
1022 1565 1241 1609 pestilentiae
1267 1567 1364 1599 metu
1390 1565 1569 1609 plerique3
1604 1577 1839 1614 quanquam
1868 1580 1927 1605 cum

528 1633 565 1662 45
578 1621 706 1654 adsunt
729 1621 894 1662 vniuersi‚
919 1622 996 1654 tum
1020 1632 1156 1665 quoque
1179 1621 1329 1655 solitudo
1350 1622 1414 1655 est.
1477 1620 1657 1663 Sumptus
1682 1623 1927 1664 intolerabiles.

578 1674 716 1709 lucrum
731 1685 775 1708 ne
791 1675 938 1709 teruncii
954 1674 1103 1718 quidem.
1151 1676 1243 1709 Puta
1257 1686 1314 1709 me
1333 1675 1404 1709 iam
1425 1675 1491 1709 hoc
1510 1674 1578 1708 tibi
1601 1686 1674 1718 per
1699 1681 1837 1715 omnia
1857 1690 1928 1715 mm

579 1729 757 1764 deierasse.
816 1729 983 1763 Nondum
1007 1730 1162 1774 quinque
1192 1740 1328 1764 menses
1358 1731 1444 1763 sunt
1467 1728 1558 1772 quod
1586 1729 1666 1765 huc
1696 1744 1765 1768 me
1794 1734 1928 1770 contuli:

580 1784 722 1819 interim
746 1784 790 1818 ad
819 1785 998 1828 sexaginta
1023 1783 1157 1817 nobiles
1181 1784 1364 1827 insumpsi.
1426 1783 1548 1817 Vnum
1568 1783 1763 1823 duntaxat
1787 1790 1837 1825 ab
1857 1789 1928 1825 nudi—

579 1839 714 1874 toribus
738 1838 949 1882 quibusdam
971 1839 1095 1881 accepi,
1121 1850 1270 1882 eumque
1293 1838 1447 1872 multum
1471 1838 1669 1881 deprecans
1697 1853 1744 1877 ac
1772 1855 1929 1880 reem

532 1906 568 1935 ⁵0
580 1894 724 1928 Certum
739 1895 791 1927 est
806 1893 863 1927 his
878 1893 1046 1936 hybernis
1060 1893 1240 1926 mensibus
1255 1894 1357 1926 πάντα
1371 1893 1462 1926 λίθον
1476 1894 1577 1934 κινεῖν,
1590 1893 1791 1940 planeque
1804 1910 1929 1937 sacram,

582 1950 671 1994 quod
703 1949 809 1990 aiunt,
839 1959 1000 1981 ancoram
1031 1948 1175 1981 soluere.
1235 1948 1272 1981 Si
1302 1947 1463 1989 succedit,
1492 1946 1621 1981 nidum
1656 1950 1834 1996 aliquem
1864 1953 1932 1989 mihi

582 2003 729 2047 parabo;
753 2004 807 2037 sin
826 2003 952 2044 minus,
971 2004 1106 2036 certum
1121 2005 1173 2036 est
1189 2002 1272 2036 hinc
1302 2003 1449 2044 auolare,
1467 2001 1648 2037 incertum
1668 2016 1760 2050 quo.
1808 2009 1849 2044 Si
1865 2008 1934 2044 nihil

583 2058 687 2099 aliud,
707 2060 796 2091 certe
812 2058 942 2091 moriar
957 2057 1051 2091 alibi.
1101 2057 1196 2091 Bene
1210 2057 1297 2091 vale.

629 2111 875 2155 Cantabrigiae.
924 2112 1051 2153 Quarto
1067 2112 1245 2147 calendas.
1264 2111 1442 2146 Decembr.
1493 2109 1605 2156 [At-mo
1621 2117 1806 2165 u.n.x1.].

620 2215 666 2242 ⁹5·
686 2207 856 2250 horum-E:
882 2206 961 2234 hanc
979 2209 1004 2234 F
1015 2209 1111 2241 Cortiq.
1203 2207 1247 2241 38.
1270 2206 1308 2235 M.
1322 2216 1372 2234 om.
1385 2209 1422 2235 Η.
1530 2215 1575 2240 4ο.
1599 2216 1713 2239 meras
1733 2215 1897 2251 episcopas
1912 2216 1938 2242 H-

584 2253 628 2278 44.
650 2243 844 2279 pestxlentiae
858 2245 941 2271 metu
955 2246 1018 2271 add.
1034 2246 1062 2271 F.
1174 2253 1217 2278 49.
1237 2252 1271 2270 ac
1284 2251 1424 2270 recusans
1436 2245 1499 2270 add.
1509 2245 1544 2270 Η.
1666 2255 1724 2283 53,
1747 2252 1873 2280 morin.
1883 2251 1938 2280 ,nbi

584 2283 628 2308 E:
646 2281 759 2308 moriar
771 2280 854 2314 alibi,
870 2280 1035 2307 moriturus
1048 2282 1073 2307 F
1084 2289 1091 2306 z
1109 2279 1180 2307 alibi
1196 2281 1357 2307 moriturus
1368 2282 1393 2307 F
1404 2282 1498 2312 comq-

623 2376 667 2402 33.
686 2368 926 2402 sanctissimum]
944 2367 1107 2401 Evidently
1122 2368 1154 2394 in
1172 2367 1225 2394 the
1281 2367 1381 2394 letter.

585 2403 710 2431 addi-ess
734 2406 765 2431 to
791 2404 842 2438 Ep.
868 2405 931 2431 280.
979 2404 1041 2431 The
1067 2405 1226 2438 postscript
1318 2405 1363 2437 38.
1387 2403 1424 2430 M.
1441 2403 1603 2439 Ioannem]
1623 2405 1720 2437 John
1743 2412 1782 2439 of
1798 2413 1940 2442 Iar-raim.

588 2441 621 2474 (1.
634 2442 682 2474 51)
694 2440 842 2467 indicates
855 2440 923 2467 that
931 2441 984 2467 the
997 2440 1151 2467 reflection
1165 2448 1226 2467 was
1283 2439 1326 2468 cf.
1341 2441 1395 2474 Ep.
1407 2448 1470 2473 273.
1486 2448 1520 2473 4¹
1536 2448 1597 2474 seq.

588 2477 620 2504 in
633 2476 824 2504 Ammonius'
833 2477 919 2503 mind
934 2478 964 2504 nt
978 2476 1030 2504 the
1043 2476 1101 2503 end
1115 2476 1147 2504 of
1158 2476 1226 2503 that
1320 2485 1364 2510 49.
1383 2475 1536 2512 recusans]
1552 2476 1597 2504 ef.
1617 2477 1678 2514 Ep.
1697 2486 1775 2517 296.
1793 2494 1859 2523 ¹35,
1872 2489 1898 2515 ⁶,
