2248 3363
504 394 570 427 842
894 390 1106 426 LETTERS
1136 390 1196 425 OF
1224 389 1447 426 ERASMUS
1738 387 1852 435 [¹50¹

499 479 665 521 scribens,
691 488 764 513 non
794 477 903 512 Dauo.
949 478 1104 512 Tantum
1131 478 1282 512 alterum
1308 477 1413 512 illum
1442 477 1591 512 Battum
1618 487 1728 521 quem
1755 477 1854 512 mihi

500 532 677 578 pollicitus
690 543 737 574 es,
755 532 847 576 apud
868 531 1058 567 Dominam
1078 531 1255 575 paulisper
1274 531 1407 575 expedi.
1457 531 1554 566 Bene
1575 530 1663 566 vale.

452 597 488 619 no
545 588 679 625 Datum
693 586 856 621 Luteciae
869 596 934 622 vn.
951 586 1091 621 Calend.
1109 586 1320 621 Februarias.
1370 584 1494 632 [Anno
1509 597 1547 620 ιι.
1563 596 1653 620 occo.
1672 584 1825 632 xcvnn]

845 717 926 753 145.
975 717 1028 753 To
1054 717 1167 753 ANNE
1191 726 1240 754 or
1265 716 1496 753 Bonssssmn.

539 782 681 823 Farrago
693 793 724 823 p.
739 791 806 823 ²93·
1575 781 1674 814 Paris.

539 832 574 864 F.
587 843 617 873 p.
630 840 707 870 404:
729 830 807 863 HN:
827 830 927 863 Lond.
941 831 984 863 ix.
999 833 1056 871 38:
1077 830 1138 862 LB.
1153 839 1203 870 9²·
1480 838 1517 868 27
1531 830 1674 871 January
1694 832 1785 874 1503.

500 899 637 964 Δῐξιιὲοὲὶ
645 899 779 964 {2⁶:³⁸ss
780 898 1063 971 glzgeaglx'iiggrssg
1058 899 1121 972 ἐξ.
1127 899 1180 927 the
1198 898 1362 934 spoliation
1381 899 1414 926 in
1433 898 1582 934 Englmd,
1603 898 1658 934 Ep.
1683 906 1748 934 τις.
1788 899 1847 927 For

636 1013 896 1041 CLARISSIMAE
922 1012 1055 1040 amun
1080 1013 1280 1041 BEBSALAE
1305 1013 1483 1041 PBINGIPI
1507 1013 1709 1040 vnmanan

993 1071 1169 1098 ERASMVS
1193 1071 1222 1098 8.
1249 1070 1281 1097 Ρ.
1306 1070 1343 1098 1).

543 1140 638 1174 Tan
666 1140 792 1173 Annas
817 1139 977 1173 veterum
1009 1138 1130 1173 literae
1159 1138 1388 1182 prodiderunt
1420 1137 1634 1182 posteritati:
1673 1149 1755 1173 eam
1785 1141 1844 1174 cui

499 1204 691 1237 cognomen
706 1192 875 1235 Perenna,
889 1204 995 1237 quam
1010 1193 1056 1227 ob
1070 1193 1246 1237 egregiam
1260 1192 1300 1227 in
1311 1192 1487 1227 Didonem
1502 1202 1657 1227 sororem
1670 1193 1844 1236 pietatem

498 1247 538 1281 in
553 1247 720 1281 coelitum
734 1257 921 1281 numerum
937 1246 1083 1282 relatam
1098 1246 1292 1292 antiquitas
1306 1246 1475 1290 credidit;
1497 1247 1643 1281 alteram
1658 1247 1844 1283 Helcanae

498 1312 651 1344 uorem,
673 1301 772 1336 cuius
794 1302 839 1336 ad
861 1301 1000 1336 laudem
1025 1301 1164 1336 abunde
1186 1301 1272 1337 satie
1294 1303 1348 1336 est
1369 1301 1460 1344 quod
1477 1302 1513 1336 et
1533 1312 1623 1336 anus
1641 1303 1679 1335 et
1699 1302 1841 1347 auspice

467 1363 484 1392 5
498 1357 573 1392 Deo
588 1356 787 1391 Samuelem
801 1356 946 1399 peperit,
961 1366 1033 1390 non
1054 1356 1177 1399 vtique
1194 1356 1273 1399 eibi,
1292 1356 1353 1391 sed
1374 1356 1447 1391 Deo
1463 1355 1603 1400 quidem
1623 1357 1842 1392 sacerdotem

498 1411 811 1456 religiosissimum,
840 1411 967 1454 populo
996 1422 1080 1446 vero
1110 1411 1261 1445 iudicem
1291 1410 1632 1454 incorruptissimum
1646 1422 1657 1452 ;
1694 1412 1840 1447 terum

497 1466 656 1510 Virginis
670 1465 795 1499 Matris
813 1466 995 1508 parentem
1016 1476 1055 1499 ac
1071 1465 1154 1499 Iesu
1168 1465 1235 1500 Dei
1255 1467 1292 1500 et
1307 1465 1462 1499 hominis
1482 1465 1609 1507 auiam,
1628 1467 1669 1499 vt
1687 1476 1735 1500 ne
1754 1466 1841 1502 haec

498 1520 642 1564 quidem
667 1520 738 1554 iam
765 1519 844 1554 aliis
869 1521 967 1563 egeat
992 1519 1192 1563 praeconiis.
1240 1520 1288 1554 Et
1312 1520 1463 1563 primam
1490 1519 1633 1563 quidem
1658 1519 1840 1556 Romanae

497 1574 618 1609 Musae
639 1573 897 1609 immortalitati
918 1576 1172 1609 consecrarunt.
1217 1574 1413 1609 Secundam
1430 1574 1673 1609 Hebraeorum
1692 1574 1840 1611 annales

451 1636 485 1656 10
497 1628 611 1662 multa
624 1628 726 1662 laude
745 1627 944 1663 nobilitant.
991 1628 1147 1663 Tertiam
1162 1628 1363 1664 Christiana
1383 1628 1494 1672 pietas
1513 1628 1642 1671 adorat,
1661 1629 1839 1675 Rodolphi

495 1682 679 1727 Agricolae
704 1682 952 1727 Baptistaeque
978 1682 1159 1718 Mantuani
1188 1683 1449 1718 facundissimis
1474 1683 1587 1717 literis
1612 1683 1836 1719 celebratam.

496 1737 599 1773 Nunc
621 1749 642 1772 ο
665 1737 696 1771 si
717 1748 816 1771 meae
835 1748 971 1781 quoque
991 1739 1132 1773 tantum
1149 1737 1274 1773 literae
1293 1738 1433 1773 valeant
1455 1739 1494 1772 vt
1517 1740 1619 1772 tuum
1642 1737 1739 1773 istud
1761 1740 1837 1774 tam

495 1792 604 1837 pium,
632 1794 707 1827 tam
735 1792 890 1834 niueum,
913 1794 987 1826 tam
1014 1794 1151 1828 eastum
1175 1794 1296 1835 pectus
1319 1792 1507 1836 posteritas
1533 1792 1637 1834 norit,
1660 1794 1698 1827 et
1722 1793 1838 1829 tribus

495 1848 614 1882 Annis
635 1849 797 1891 quartam
820 1848 855 1881 te
877 1849 1106 1881 annumeret:
1137 1849 1175 1881 et
1196 1847 1257 1881 fiet
1282 1848 1443 1890 profecto,
1470 1847 1573 1881 modo
1601 1849 1683 1881 tuae
1709 1848 1837 1883 virtuti

450 1910 482 1940 ¹5
494 1905 656 1938 nostrum
671 1901 889 1946 ingeniolum
904 1902 1122 1945 respondeat.

541 1957 714 2001 Equidem
738 1956 890 1990 adducor
908 1958 948 1989 vt
971 1955 1110 1990 credam
1131 1966 1261 1990 nomen
1280 1955 1375 1990 istud
1397 1967 1468 1990 non
1491 1956 1566 1990 sine
1581 1958 1710 1999 mente,
1727 1959 1771 1991 vt
1786 1957 1836 1991 ait

495 2011 604 2053 Maro,
622 2022 686 2045 nec
706 2010 782 2044 sine
798 2009 944 2044 numine
960 2010 1084 2044 diuum
1100 2009 1168 2044 tibi
1181 2010 1390 2054 contigisse;
1412 2011 1497 2045 adeo
1518 2011 1632 2045 multa
1646 2011 1751 2045 video
1772 2012 1835 2046 tibi

495 2077 577 2100 cum
592 2066 663 2099 illis
680 2075 756 2098 esse
773 2064 984 2098 communia.
1034 2064 1280 2100 Nobilissimae
1300 2065 1402 2107 illae3
1426 2065 1498 2099 tuis
1517 2076 1599 2100 vero
1619 2065 1837 2110 imaginibus

496 2120 580 2164 quid
601 2120 705 2153 habet
726 2121 885 2152 nostrum
906 2119 972 2152 hoc
991 2130 1140 2162 regnum
1160 2119 1361 2155 illustrius?
1408 2119 1497 2154 Illae
1512 2120 1639 2163 pietate
1654 2120 1834 2165 insignem

449 2183 484 2204 ²0
495 2176 533 2209 et
551 2176 614 2208 tua
635 2172 835 2217 gratissima
855 2173 949 2207 coelo
971 2173 1089 2216 pietas.
1133 2173 1280 2208 Illarum
1303 2174 1538 2208 afflictissimis
1556 2174 1660 2209 rebus
1677 2175 1834 2210 multum

494 2230 630 2270 iactata,
656 2227 811 2262 multum
829 2228 980 2270 spectata
1002 2227 1193 2271 patientia3
1224 2229 1316 2272 quod
1332 2229 1398 2263 tibi
1420 2240 1500 2263 cum
1521 2229 1593 2263 illis
1610 2230 1834 2264 communius

494 2283 602 2319 etiam
616 2293 721 2327 quam
737 2281 875 2316 vellem.
914 2282 999 2316 Erat
1012 2282 1108 2316 enim
1122 2284 1185 2317 tua
1201 2282 1268 2317 ista
1284 2283 1464 2327 integritas
1478 2285 1516 2318 et
1531 2283 1687 2328 virginea
1702 2284 1834 2329 simpli·

494 2340 591 2381 citas,
607 2339 725 2378 fateor,
745 2338 911 2381 perpetua
930 2336 1157 2380 prosperitate
1178 2337 1394 2381 dignissima.
1442 2338 1574 2373 Verum
1594 2338 1677 2382 quid
1698 2338 1834 2373 facias?

494 2392 565 2428 Hic
584 2393 637 2427 est
652 2393 754 2426 vetus
774 2391 834 2425 ille
854 2392 1014 2426 fortunae
1029 2392 1148 2433 ludus,
1164 2392 1326 2435 indignos
1341 2394 1379 2427 in
1394 2393 1507 2428 altum
1523 2393 1668 2427 euehere
1683 2396 1720 2427 et
1737 2393 1834 2428 inno-

447 2457 479 2485 25
493 2447 627 2482 centiae
649 2447 830 2490 negocium
853 2446 1028 2482 facessere.
1076 2446 1128 2480 Tu
1152 2457 1246 2490 vero,
1262 2458 1341 2482 mea
1366 2450 1519 2491 patrona,
1537 2448 1672 2492 palmae
1698 2448 1834 2483 arboris

493 2501 661 2547 exemplo,

855 2556 906 2590 Ne
930 2556 1011 2590 cede
1035 2556 1148 2598 malis,
1172 2556 1232 2590 sed
1256 2559 1377 2590 contra
1397 2557 1579 2592 audentior
1600 2557 1651 2592 ito

720 2611 834 2654 Quam
858 2613 919 2646 tua
941 2613 976 2645 te
998 2611 1139 2645 fortuna
1161 2611 1262 2648 sinat.

821 2705 882 2732 145.
894 2712 921 2738 5.
941 2704 1090 2739 pepererit
1104 2704 1139 2731 N.
1267 2704 1294 2730 6.
1313 2711 1382 2730 vero
1395 2705 1457 2731 add.
1473 2706 1503 2731 P.

531 2777 591 2805 145.
603 2785 644 2811 17.
667 2777 762 2814 Maro]
783 2781 851 2806 Aen.
866 2787 891 2813 5.
909 2779 953 2813 56.
1225 2786 1271 2812 27.
1291 2778 1336 2805 Ne
1348 2777 1434 2814 cede]
1455 2778 1541 2814 Verg.
1556 2781 1625 2807 Aen.
1638 2779 1665 2806 6.
1681 2788 1727 2814 95,
1742 2782 1769 2807 6.
