2248 3363
494 382 536 414 38
884 378 1095 413 LETTERS
1125 379 1185 413 OF
1215 379 1437 413 ERASMUS
1674 376 1830 424 [1523·4

492 465 690 501 absolutior.
737 466 944 509 Quanquam
960 465 1034 509 ipse
1056 465 1128 500 iam
1147 465 1280 499 dudum
1295 465 1446 508 ingenue
1465 465 1577 500 fassus
1597 476 1677 500 sum
1698 476 1759 500 me
1773 466 1832 500 hio

492 521 786 566 indiligentiorem
809 531 883 554 esse
905 531 1010 563 quam
1031 531 1095 563 par
1115 522 1193 561 estg
1222 519 1283 554 sed
1305 520 1448 553 interim
1471 520 1532 554 alii
1554 531 1634 554 mea
1654 521 1833 555 sententia

493 574 634 618 grauius
648 576 801 619 peccant,
818 574 879 618 qui
893 585 1002 618 quum
1018 574 1091 608 sint
1105 574 1208 618 longe
1222 573 1399 615 doctiores,
1418 574 1665 617 superstitione
1679 575 1833 618 quadam

493 630 554 663 aut
573 629 665 665 nihil
687 630 818 664 aedunt
839 630 902 663 aut
920 639 1005 663 sero.
1054 628 1206 663 Proinde
1227 639 1272 663 ne
1292 628 1376 672 quid
1396 639 1512 672 speres
1531 640 1594 672 per
1613 640 1672 663 me
1687 630 1830 673 quidem

463 683 646 728 ‚liberum
670 686 704 718 te
723 684 798 718 sore
819 683 885 718 hac
906 683 1075 725 molestia,
1093 682 1191 727 prius
1206 694 1309 727 quam
1336 683 1456 718 exiens
1477 694 1497 717 e
1519 683 1700 727 proscenio
1719 684 1833 719 semel

494 737 609 771 dicam
639 738 737 773 vobis
766 738 940 780 omnibus,
964 737 1087 772 Valete
1115 739 1152 771 et
1179 737 1452 781 plaudite,—(id‚
1478 738 1569 771 milii
1595 738 1704 781 crede,
1732 738 1833 773 breui

495 791 653 825 futurum
684 793 765 835 erat,
801 792 871 826 nisi
900 792 1025 826 vinum
1056 792 1341 836 Burgundiacum
1372 792 1470 826 velut
1498 793 1562 826 ἀπὸ
1590 795 1737 838 μηχανῆς
1764 793 1833 830 θεὸς

495 845 816 890 succurrissesp-tu
850 847 1003 881 delibem
1031 848 1150 881 vtrum
1187 846 1292 881 malis
1329 846 1395 880 hoc
1433 848 1560 890 optare,
1594 858 1640 881 an
1683 847 1833 884 subinde

495 900 642 935 mercari
662 900 793 935 librum
813 903 955 935 auctum
975 902 1037 934 aut
1055 900 1282 944 recognitum.
1331 900 1441 935 Porro
1462 900 1493 935 si
1513 901 1644 936 recolas
1663 903 1832 945 quantam

449 970 485 996 ιο,
495 956 660 999 pecuniae
675 955 749 990 vim
764 955 804 989 in
821 966 909 999 quas
923 965 1035 999 nugas
1050 955 1137 989 olim
1152 954 1343 997 collocaris,
1357 955 1487 997 minus,
1500 955 1634 999 opinor,
1650 956 1686 989 te
1700 955 1833 999 pigebit

495 1010 602 1045 huius
614 1010 797 1053 impendii.

540 1064 618 1099 Iam
633 1064 736 1099 audio
755 1065 924 1108 quosdam
944 1064 1076 1099 amicos
1090 1063 1239 1099 subinde
1259 1066 1460 1099 mussantes
1474 1065 1517 1100 de
1532 1063 1832 1100 lucubrationibus

494 1119 585 1153 meis
614 1119 779 1153 omnibus
809 1119 848 1152 in
879 1120 993 1153 tomos
1021 1118 1229 1162 digerendis.
1287 1119 1349 1153 An
1380 1120 1429 1153 sit
1457 1119 1643 1163 quicquam
1674 1130 1831 1155 meorum

495 1174 704 1217 scriptorum
715 1173 807 1216 quod
822 1172 1061 1216 posteritatem
1076 1174 1257 1215 mereatur,
1272 1173 1421 1207 aliorum
1436 1176 1512 1208 esto
1526 1174 1720 1216 iudicium3
1743 1175 1832 1208 certe

447 1228 527 1274 ,ξεί
549 1228 594 1262 ad
616 1230 772 1272 posteros
794 1227 1006 1271 pei-uenient,
1024 1227 1173 1271 optarim
1196 1227 1287 1262 mihi
1306 1228 1482 1271 Tyronem
1503 1228 1706 1272 quempiam
1721 1227 1831 1262 fidum

495 1293 535 1316 ac
564 1283 716 1324 doctum,
750 1282 811 1325 qui
840 1282 907 1316 hoc
936 1282 1028 1316 mihi
1057 1281 1132 1316 vita
1160 1282 1323 1316 defuncto
1361 1284 1521 1326 praestet,
1553 1283 1646 1326 quod
1676 1282 1740 1316 ille
1771 1294 1830 1317 suo

496 1335 665 1371 Ciceroni.
713 1336 760 1369 Et
782 1336 901 1369 tamen
924 1336 955 1369 si
977 1336 1034 1370 cui
1049 1336 1164 1370 visum
1187 1336 1255 1370 erit
1275 1336 1340 1371 hoo
1362 1337 1489 1379 conari,
1507 1348 1578 1380 age,
1595 1337 1692 1371 viam
1707 1337 1830 1372 indica·

495 1389 624 1432 bimus,
642 1401 711 1434 quo
726 1390 761 1423 id
779 1390 841 1424 fiat
854 1390 1082 1425 commodius.

541 1445 587 1479 In
614 1445 778 1479 Primum
805 1446 941 1479 tomum
966 1445 1115 1479 conferri
1138 1446 1303 1488 poterunt
1328 1456 1416 1489 quae
1441 1447 1600 1489 spectant
1626 1446 1671 1480 ad
1696 1446 1831 1482 institu-

449 1515 484 1535 πο
497 1499 632 1534 tionem
647 1499 838 1541 literarum,
857 1499 949 1542 quod
964 1510 1077 1542 genus
1091 1501 1195 1533 sunt:

543 1554 596 1588 De
611 1553 719 1597 Copia
733 1552 816 1588 libri
832 1553 910 1587 duo.

544 1608 647 1642 Ratio
663 1607 903 1642 conscribendi
921 1607 1095 1651 epistolas.

544 1662 647 1697 Ratio
662 1662 868 1704 studiorum,
885 1662 929 1696 ad
945 1661 1093 1696 Petrum
1107 1662 1293 1696 Vitorium.

544 1716 775 1751 Theodoricae
789 1717 1033 1760 grammatices
1047 1716 1130 1750 libri
1146 1717 1215 1751 duo
1230 1716 1331 1751 versi.

450 1777 483 1815 ²⁴³?
543 1771 718 1816 Syntaxis.

544 1825 674 1860 Omnia
686 1836 788 1859 versa
802 1836 846 1859 ex
861 1825 1025 1867 Luciano,
1044 1837 1193 1869 quorum
1209 1825 1309 1860 tituli
1323 1828 1424 1861 sunt:

587 1880 798 1916 Saturnalia.
914 1911 916 1913 .
1210 1880 1489 1915 Pseudomantis.

585 1936 812 1977 Gronoeolon,
841 1935 876 1970 id
909 1936 963 1969 est
987 1935 1082 1979 leges
1107 1935 1165 1970 Sa·
1211 1936 1397 1971 Somnium
1412 1936 1489 1971 siue
1503 1936 1638 1972 Gallus.

631 1990 846 2025 turnaliciae.
1206 1990 1343 2025 Timon.

449 2050 485 2077 30
589 2044 766 2087 Epistolae
781 2044 979 2078 Saturnales
992 2044 1135 2087 aliquot.
1209 2045 1414 2079 Abdicatus.

588 2098 641 2132 De
656 2096 762 2132 luctu.
1209 2099 1451 2143 Tyrannicida.

589 2152 883 2196 Icaromenippus.
1212 2153 1265 2187 De
1292 2154 1449 2187 mercede
1475 2154 1657 2189 conductis
1682 2155 1721 2189 in
1744 2154 1829 2190 milis

589 2206 743 2241 Toxaris.
1255 2211 1452 2251 potentum.

589 2261 727 2305 Dialogi
742 2261 849 2296 varii:

450 2322 484 2351 35
633 2315 822 2350 Cnemonis
837 2318 874 2349 et
889 2315 1064 2359 Damippi.
1254 2316 1384 2361 Simyli
1398 2329 1438 2352 ac
1453 2318 1657 2361 Polystrati.

634 2370 880 2414 Zenophantae
911 2372 946 2404 et
971 2370 1166 2405 Callidemi-
1252 2372 1401 2406 Veneris
1416 2374 1451 2406 et
1466 2373 1662 2416 Cupidinis.

681 2423 801 2467 (dae).

633 2478 791 2523 Menippi
805 2481 842 2513 et
857 2479 1006 2514 Tantali.
1256 2480 1382 2514 Martis
1395 2491 1435 2514 ac
1451 2480 1622 2516 mamurii.

634 2533 790 2577 Menippi
804 2535 840 2568 et
855 2533 1026 2567 Mercurii.
1255 2534 1418 2568 Mercurii
1433 2537 1469 2569 et
1483 2535 1605 2570 Maiae.

570 2605 597 2623 ο.
615 2596 667 2624 sed
681 2596 807 2624 interlin
820 2597 840 2626 β
853 2606 860 2623 z
878 2604 1052 2630 quanquam
1065 2606 1092 2624 a.
1206 2604 1248 2625 12.
1270 2597 1337 2626 Iam
1351 2618 1358 2626 .
1371 2617 1380 2626 .
1393 2619 1400 2626 .
1415 2600 1458 2626 46.
1474 2606 1507 2633 ¹5
1520 2599 1691 2634 religiosius
1702 2603 1768 2630 aad.
1778 2601 1808 2632 β.

539 2710 581 2737 13.
614 2702 800 2738 digerendis]
833 2702 895 2730 The
927 2703 1139 2736 arrangement
1196 2705 1227 2730 to
1245 2703 1339 2730 Boeoe
1353 2703 1395 2738 (p.
1415 2704 1479 2740 155)
1491 2704 1554 2732 and
1570 2704 1604 2732 in
1622 2703 1678 2733 the
1693 2704 1834 2734 oon-omi
1855 2683 1858 2684 ⁷

498 2739 588 2774 given
618 2738 692 2767 here
715 2740 743 2767 is
767 2738 909 2766 followed
934 2738 1012 2765 with
1036 2745 1056 2765 a
1080 2737 1138 2765 few
1194 2739 1311 2766 edition
1325 2739 1358 2766 of
1370 2747 1449 2775 1540,
1459 2748 1501 2775 up
1510 2740 1609 2769 tovol.
1618 2741 1672 2769 vii.
1704 2741 1772 2770 Vol.
1778 2742 1833 2770 viii

498 2775 675 2803 alterations
688 2776 721 2802 in
735 2775 787 2803 the
804 2774 957 2810 catalogue
975 2774 1137 2802 addreseed
1194 2775 1268 2803 here
1282 2775 1417 2804 become·
1429 2776 1487 2804 vol.
1502 2778 1533 2804 ix
1546 2777 1580 2804 in
1593 2776 1648 2806 the
1659 2778 1739 2806 later
1749 2778 1825 2808 linu-
