2248 3363
602 385 624 417 2
991 382 1202 417 LETTERS
1231 383 1291 417 or
1320 382 1541 417 ERASMUS
1823 377 1930 429 [1523

601 471 739 512 habeas,
760 471 818 505 vel
840 481 935 504 emas
957 470 1088 514 aliquid
1112 469 1203 513 quod
1227 481 1309 504 mox
1333 470 1447 504 denuo
1469 470 1601 514 cogaris
1622 481 1744 504 emere.
1795 470 1932 504 Morem

601 537 719 569 geram
742 525 916 559 voluntati
936 526 1027 567 tuae,
1053 535 1115 568 per
1137 525 1171 557 te
1192 535 1297 567 quam
1320 525 1482 567 plurimis
1504 526 1613 558 etiam
1636 524 1723 565 aliis,
1750 525 1788 558 ni
1813 525 1929 566 fallor,

600 578 722 612 eadem
744 589 847 621 opera
869 577 1138 620 gratificaturus,
1182 576 1312 610 Ornare
1334 577 1471 620 gaudes,
1487 579 1527 611 vt
1550 577 1610 619 ais,
1627 578 1725 611 tuam
1748 577 1933 611 bibliothe-

601 642 679 665 cam
706 632 844 665 Erasmi
870 632 1132 673 monumentis3
1170 642 1233 674 ego
1263 642 1346 664 vero
1377 642 1474 665 meos
1503 631 1612 664 libros
1638 632 1786 665 arbitror
1813 632 1932 665 ornari

570 698 586 725 5
601 687 662 719 tua
684 686 906 725 bibliotheca,
932 697 1001 730 qua
1024 686 1085 720 vix
1109 686 1295 729 quicqum
1317 685 1437 719 videre
1460 685 1608 728 contigit
1630 686 1809 727 ornatius;
1836 686 1933 720 dicas

600 739 780 774 Musarum
801 751 876 774 esse
898 739 1123 774 domicilium.
1173 739 1297 783 Itaque
1319 739 1408 773 mihi
1431 739 1544 783 magis
1568 740 1694 783 placeo,
1719 740 1809 783 quod
1833 751 1932 774 meas

599 793 855 829 lucubrationes
877 794 1031 838 dignaris
1054 794 1205 838 hospitio
1228 795 1308 828 tuae
1331 793 1568 835 bibliothecae,
1592 805 1698 838 quam
1723 795 1755 829 si
1777 794 1931 829 cedrinis

599 848 750 891 capsulis
772 848 810 882 in
829 848 1007 892 Apollinis
1027 849 1160 892 templo
1182 849 1441 891 reponerentur.
1490 848 1570 882 Non
1591 848 1744 883 arbitror
1762 849 1927 891 victuras,

598 904 741 938 tantum
772 903 869 938 abest
898 905 939 938 vt
969 903 1270 937 immortalitatem
1301 902 1373 936 illis
1401 903 1514 937 ausim
1546 914 1703 946 sperare3
1748 905 1867 938 tamen
1898 903 1931 937 si

552 969 586 990 10
600 958 777 1002 continget
791 958 922 1002 aliquot
936 969 1048 992 annos
1062 969 1240 1001 superesse
1255 958 1401 1001 parenti,
1418 959 1496 991 tuae
1512 958 1683 992 nimirum
1698 958 1929 992 bibliothecae

598 1011 784 1047 debebunt.
832 1012 1137 1047 Existimabuntur
1159 1012 1255 1046 enim
1277 1011 1408 1055 aliquid
1431 1023 1514 1053 esse,
1535 1023 1621 1055 quas
1641 1011 1848 1046 Abstemius
1869 1013 1929 1046 ille

589 1068 671 1100 'tam
688 1066 825 1101 sobrius
840 1066 945 1101 iudex
966 1077 1031 1101 suo
1045 1066 1167 1101 Museo
1181 1066 1346 1109 dignatus
1365 1066 1421 1100 sit.
1470 1066 1678 1110 Quanquam
1693 1066 1767 1110 ipse
1784 1066 1928 1101 interim

595 1131 668 1155 non
683 1121 785 1155 aliter
798 1121 943 1155 affectus
960 1132 1040 1155 sum
1055 1132 1138 1165 erga
1155 1132 1250 1155 meas
1264 1120 1403 1164 vigilias
1418 1132 1524 1164 quam
1540 1122 1699 1163 parentes
1717 1120 1833 1154 solent
1847 1132 1929 1165 erga

597 1174 732 1216 liberos,
757 1175 884 1219 quibus
904 1175 975 1210 fuit
995 1186 1120 1218 parum
1141 1175 1226 1210 felix
1246 1175 1472 1217 foecunditas,
1495 1175 1552 1208 vel
1575 1176 1667 1219 quod
1692 1175 1865 1210 deformes
1888 1186 1928 1210 ac

551 1241 583 1270 15
596 1228 868 1263 valetudinarios
899 1229 1092 1272 genuerint,
1126 1230 1184 1264 vel
1214 1230 1307 1273 quod
1337 1229 1469 1273 alioqui
1498 1230 1588 1263 tales
1618 1231 1658 1263 vt
1693 1230 1860 1272 probrum
1892 1232 1928 1265 et

589 1283 744 1318 >exitium
759 1284 942 1318 attulerint
957 1284 1031 1318 suis
1045 1284 1333 1328 progenitoribus.
1382 1284 1458 1326 Qua
1472 1284 1615 1327 quidem
1629 1284 1669 1317 in
1683 1295 1721 1318 re
1736 1285 1801 1318 hoc
1816 1286 1928 1329 magis

595 1336 671 1381 ipse
704 1337 795 1372 mihi
825 1338 996 1381 displiceo,
1025 1338 1116 1382 quod
1146 1338 1338 1372 liberorum
1368 1338 1459 1373 mala
1490 1350 1562 1372 non
1596 1350 1731 1382 semper
1761 1340 1927 1383 imputari

582 1393 742 1436 'possunt
763 1393 973 1436 parentibus,
996 1392 1166 1427 librorum
1187 1395 1307 1427 autem
1325 1393 1412 1426 vitia
1429 1403 1501 1426 non
1519 1393 1598 1427 aliis
1621 1404 1726 1437 quam
1746 1393 1927 1428 autoribus

595 1449 733 1490 accepta
758 1447 940 1489 feruntur;
971 1447 1040 1481 nisi
1067 1447 1157 1481 forte
1189 1446 1321 1481 causari
1346 1447 1452 1481 velim
1481 1448 1679 1491 temporum
1709 1458 1749 1481 ac
1775 1447 1927 1491 regionis

548 1513 583 1534 zo
595 1500 845 1536 infelicitatem.
888 1502 980 1535 Nam
999 1512 1057 1535 me
1074 1512 1182 1545 puero
1201 1501 1464 1544 repullulascere
1478 1501 1619 1545 quidem
1634 1504 1818 1545 coeperant
1832 1503 1926 1545 apud

594 1554 703 1589 Italos
733 1556 844 1589 bonae
874 1556 1004 1597 literae,
1040 1556 1100 1590 sed
1131 1555 1176 1589 ob
1207 1556 1504 1599 typographorum
1535 1558 1647 1590 artem
1676 1558 1737 1591 aut
1767 1557 1926 1591 nondum

595 1611 769 1652 repertam
795 1611 856 1643 aut
877 1609 1095 1653 paucissimis
1120 1609 1295 1653 cognitam
1320 1609 1411 1643 nihil
1436 1611 1479 1644 ad
1502 1621 1566 1644 nos
1588 1611 1758 1645 librorum
1781 1612 1928 1654 perfere-

594 1663 708 1705 batur‚
737 1665 772 1697 et
802 1664 974 1698 altissima
999 1665 1116 1708 quiete
1141 1664 1334 1708 regnabant
1362 1664 1491 1708 vbique
1521 1666 1581 1709 qui
1611 1665 1729 1699 literas
1756 1666 1927 1700 docebant

595 1718 885 1753 illiteratissimas.
926 1719 1131 1763 Rodolphus
1146 1718 1307 1762 Agricola
1321 1719 1458 1761 primus
1472 1719 1630 1753 omnium
1645 1720 1804 1754 aurulam
1819 1731 1925 1763 quan-

547 1788 580 1816 ²5
596 1773 675 1806 dam
703 1773 857 1807 melioris
875 1773 1072 1807 literaturae
1095 1773 1197 1807 nobis
1219 1773 1355 1807 inuexit
1372 1784 1416 1806 ex
1435 1773 1562 1815 Italia3
1589 1786 1693 1818 quem
1711 1774 1802 1808 mihi
1818 1786 1925 1818 puero

594 1828 706 1861 ferme
728 1828 910 1862 duodecim
938 1839 1049 1862 annos
1072 1830 1155 1861 nato
1178 1828 1387 1862 Dauentrise
1407 1828 1528 1862 videre
1556 1829 1710 1872 contigit,
1736 1840 1799 1862 nec
1828 1829 1924 1864 aliud

594 1882 751 1926 contigit.
798 1882 889 1916 Tum
916 1884 1035 1916 autem
1057 1881 1176 1926 magni
1199 1882 1303 1916 refert
1325 1894 1396 1926 quo
1417 1883 1544 1921 seculo,
1565 1894 1633 1926 qua
1654 1883 1803 1926 regione.
1824 1885 1861 1917 et
1880 1884 1923 1918 ad

594 1948 742 1980 quorum
757 1937 927 1971 iudicium
943 1936 1081 1977 scribas,
1097 1937 1305 1981 quibuscum
1323 1939 1455 1979 certem
1479 1938 1570 1971 acuit
1586 1938 1682 1971 enim
1701 1938 1835 1981 ingenii
1849 1939 1924 1972 vim

594 1993 629 2025 et
654 1991 889 2034 antagonistas
914 1991 1075 2035 insignis,
1102 1993 1189 2034 quin
1215 1993 1251 2025 et
1281 1992 1393 2026 honos
1421 1991 1486 2025 alit
1512 1994 1613 2026 artes.
1663 1992 1732 2026 His
1758 1993 1924 2027 omnibus

548 2060 583 2087 30
595 2046 795 2085 destitutus,
811 2046 930 2078 tamen
945 2045 1043 2079 velut
1061 2045 1195 2080 occulta
1218 2048 1360 2080 naturae
1375 2046 1411 2080 vi
1429 2046 1584 2090 rapiebar
1599 2046 1642 2080 ad
1662 2046 1772 2080 bonas
1791 2048 1923 2090 literas,

594 2111 634 2133 ac
664 2099 977 2133 interminantibus
1003 2099 1109 2133 etiam
1140 2100 1316 2143 magistris
1340 2100 1464 2134 furtim
1487 2111 1507 2133 e
1532 2100 1643 2142 libris,
1667 2100 1698 2134 ai
1724 2101 1808 2144 quid
1833 2102 1923 2136 forte

595 2155 718 2187 nactus
732 2154 891 2195 fuissem,
907 2154 1006 2187 hausi
1022 2154 1115 2196 quod
1129 2155 1249 2197 potui;
1272 2154 1445 2188 calamum
1459 2155 1606 2197 exercui,
1621 2157 1814 2198 prouocatis
1829 2156 1923 2190 soda-

593 2209 686 2242 libus
710 2207 916 2251 quibuscum
939 2207 1157 2250 decertarem,
1183 2209 1273 2242 nihil
1298 2210 1416 2242 minus
1437 2209 1591 2253 cogitans
1616 2221 1719 2253 quam
1743 2212 1784 2244 vt
1807 2210 1924 2244 huius-

594 2262 689 2297 modi
728 2262 869 2296 naeniae
901 2263 1197 2306 typographorum
1233 2273 1335 2307 opera
1372 2263 1505 2297 mundo
1542 2264 1776 2307 proderentur.
1826 2264 1924 2298 Haec

549 2331 583 2359 35
594 2318 732 2362 culpam
757 2316 787 2350 si
810 2327 880 2350 non
904 2317 1035 2351 diluere
1057 2318 1227 2361 poterant,
1252 2320 1344 2351 certe
1369 2319 1529 2361 poterant
1551 2318 1694 2353 eleuare.
1744 2319 1811 2353 Sed
1839 2321 1924 2353 sunt

593 2372 630 2406 in
655 2371 781 2416 quibus
804 2382 869 2404 nec
892 2372 1025 2414 possim
1047 2383 1108 2406 nec
1131 2372 1237 2406 velim
1262 2372 1336 2416 ipse
1360 2372 1449 2406 mihi
1476 2373 1693 2416 patrocinari.
1742 2373 1922 2416 Siquidem

592 2427 681 2462 illud
705 2426 929 2470 praecipuum
950 2427 1013 2468 est,
1033 2428 1075 2459 vt
1099 2427 1159 2470 qui
1181 2427 1319 2470 scriptis
1343 2427 1411 2461 sibi
1438 2437 1566 2460 nomen
1591 2427 1779 2461 honestum
1803 2439 1922 2471 parare

632 2507 674 2534 13.
693 2508 761 2535 erga
773 2499 883 2527 liberos
895 2501 957 2527 add.
971 2500 1000 2529 Β.
1226 2501 1269 2528 16.
1287 2499 1529 2535 progenitoribus
1540 2500 1561 2530 β
1573 2509 1581 2527 =
1598 2500 1883 2535 primogenitoribus
1895 2509 1923 2530 c.

593 2544 638 2569 ⁹4·
657 2536 831 2571 lindolphus
842 2537 878 2566 B:
901 2536 979 2563 Nam
993 2536 1165 2572 Rodolpbus
1176 2546 1205 2564 α.
1556 2537 1601 2564 2⁶.
1619 2537 1802 2564 Dnuentriae
1812 2539 1877 2565 aad.
1891 2538 1921 2568 B.

592 2581 637 2607 31·
659 2573 685 2600 si
697 2573 774 2608 quid
784 2581 821 2600 c:
840 2572 867 2600 si
879 2580 955 2606 quos
966 2573 990 2600 δ.

629 2663 675 2689 26.
694 2661 890 2699 Dauentriae]
916 2661 990 2690 This
1016 2662 1164 2690 insertion
1191 2663 1225 2689 in
1281 2664 1313 2690 to
1331 2662 1368 2690 be
1387 2671 1499 2699 wrong.
1537 2663 1579 2691 01
1600 2662 1718 2691 similar
1742 2663 1922 2690 time—reser-

591 2699 612 2728 8
642 2701 777 2733 suggests
808 2700 876 2727 that
904 2699 1048 2726 Erasmus
1079 2707 1141 2726 was
1171 2707 1225 2726 un·
1281 2707 1368 2727 ence-
1386 2701 1421 2726 in
1440 2700 1503 2728 this
1521 2702 1657 2734 camonia
1677 2707 1695 2727 a
1716 2699 1923 2728 considerable

592 2737 706 2762 certain
738 2744 770 2762 as
800 2739 831 2763 to
863 2736 915 2763 the
948 2743 1090 2770 accus-acy
1119 2735 1152 2762 of
1178 2735 1227 2763 his
1281 2737 1469 2763 number-are
1479 2739 1642 2770 incon-eon
1659 2744 1769 2771 seepp.
1779 2737 1918 2773 6,16,18,

592 2777 819 2806 nge-reterence,
828 2772 930 2800 which
942 2772 969 2800 is
980 2772 1095 2808 shown,
1109 2772 1186 2807 App.
1197 2780 1224 2807 2,
1284 2780 1327 2807 19,
1341 2773 1402 2800 and
1415 2781 1460 2807 33.
