2248 3363
569 396 637 428 4⁶0
963 392 1175 427 ramas
1204 393 1266 428 or
1295 391 1517 427 ERASMUS
1817 390 1939 439 [1509

570 478 599 507 l!
619 480 684 507 this
705 479 797 508 letter
815 487 877 507 m
901 480 955 506 not
983 477 1167 513 Hountjoy’s
1190 478 1398 513 composition,
1418 477 1561 506 Erasmus
1581 485 1643 506 was
1663 485 1683 505 a
1705 480 1812 513 party
1833 480 1870 507 to
1894 480 1940 507 its

570 516 753 544 attribution
765 518 798 544 to
809 515 900 551 him]

708 597 961 624 GVILBELMVS
984 597 1196 625 nonmotvs
1222 597 1377 624 Eaasuo
1402 596 1663 623 ROTERODAMO
1688 596 1719 623 8.
1747 597 1794 624 D.

617 665 732 699 Num.
756 675 886 707 vereor,
915 663 967 698 mi
993 663 1147 706 Erasme,
1175 664 1262 708 quin
1288 663 1350 698 vbi
1373 663 1527 708 primum
1550 662 1682 697 audisti
1708 663 1942 709 Principem

571 720 745 761 nostrum,
768 718 966 753 Hem-icum
991 720 1155 753 octauum
1180 729 1242 753 seu
1264 718 1382 762 potius
1404 718 1601 759 Octauium,
1629 717 1809 752 defuncto
1835 720 1941 762 patri

572 773 611 808 in
626 785 774 818 regnum
787 773 1003 815 successisse,
1018 773 1134 808 omnis
1147 773 1215 807 tibi
1229 784 1272 807 ex
1287 773 1405 807 animo
1419 772 1602 816 aegritudo
1615 773 1765 816 repente
1781 773 1936 808 abierit.

573 828 665 875 Quid
689 828 785 863 enim
818 828 884 862 tibi
911 828 1070 872 polliceri
1100 839 1172 862 non
1202 828 1315 872 possis
1345 828 1388 861 de
1417 827 1581 870 Principe
1607 827 1710 860 cuius
1739 829 1938 871 egregiam

543 893 560 920 5
572 894 747 928 propeque
762 883 922 918 diuinam
933 883 1088 917 indolem
1102 882 1210 926 probe
1224 882 1348 916 noris?
1370 882 1428 915 cui
1443 881 1649 925 praesertim
1659 881 1711 915 sis
1724 892 1808 916 non
1818 883 1937 918 modo

573 939 687 980 notus,
706 938 767 972 sed
784 938 892 972 etiam
914 937 1106 980 familiaris,
1122 938 1250 981 quippe
1271 937 1391 970 literas
1404 935 1481 970 eius
1496 935 1618 980 digitis
1634 937 1812 978 exaratas,
1831 937 1936 980 quod

572 991 693 1035 paucis
721 992 876 1036 contigit,
909 992 1081 1036 accepisti.
1139 991 1273 1026 Verum
1302 991 1333 1025 si
1362 990 1451 1024 scias
1478 1001 1583 1034 quem
1613 1000 1709 1024 nunc
1741 990 1861 1026 heroa
1893 1003 1935 1026 se

572 1047 733 1089 praestet,
751 1057 858 1090 quam
872 1047 1048 1090 sapienter
1061 1057 1100 1081 se
1116 1048 1224 1090 gerat,
1241 1047 1392 1089 quantus
1405 1045 1509 1088 aequi
1531 1045 1680 1088 bonique
1700 1045 1750 1079 sit
1768 1048 1930 1089 amator,

574 1100 666 1144 quod
690 1101 851 1135 studium
875 1101 914 1135 in
938 1101 1094 1135 literatos
1114 1112 1197 1145 prae
1216 1112 1253 1134 se
1271 1101 1368 1141 ferat,
1393 1100 1507 1134 ausim
1529 1111 1608 1133 meo
1627 1099 1785 1143 periculo
1808 1100 1934 1135 iurare

527 1165 561 1186 ιο
573 1157 610 1190 te
633 1156 690 1191 vel
713 1156 789 1190 sine
812 1156 886 1198 alis,
914 1158 955 1190 vt
980 1156 1047 1190 hoc
1072 1166 1206 1190 nouum
1229 1157 1266 1189 et
1289 1155 1438 1189 salutare
1461 1154 1571 1197 sydus
1593 1154 1750 1197 aspicias,
1779 1154 1857 1189 huc
1882 1155 1943 1197 ad,

575 1221 641 1244 nos
670 1221 816 1253 propere
843 1210 1097 1245 aduolaturum.
1153 1210 1183 1244 Ο
1210 1210 1260 1243 mi
1288 1210 1443 1250 Emsme,
1476 1209 1507 1243 si
1533 1209 1651 1242 videas
1678 1210 1719 1242 vt
1750 1210 1932 1244 mortales

577 1275 699 1298 omnes
720 1264 778 1298 hic
801 1264 937 1298 laeticia
959 1265 1119 1308 gestiant,
1137 1266 1177 1298 vt
1199 1265 1243 1299 de
1265 1266 1365 1298 tanto
1388 1264 1551 1307 Principe
1573 1263 1643 1297 sibi
1664 1263 1858 1306 gaudeant,
1886 1266 1930 1298 vt

575 1318 669 1353 nihil
688 1319 801 1363 magis
823 1321 990 1363 exoptent
1010 1330 1117 1362 quam
1136 1319 1212 1353 eius
1231 1320 1352 1361 vitam,
1370 1318 1568 1362 lachrymas
1587 1328 1668 1361 prae
1690 1317 1825 1361 gaudio
1845 1330 1932 1352 con·

576 1373 690 1408 tinere
710 1385 782 1408 non
802 1385 930 1417 posses.
971 1373 1075 1408 Ridet
1094 1374 1222 1414 aether,
1240 1374 1375 1407 exultat
1394 1375 1505 1413 terra3
1528 1372 1648 1406 omnia
1666 1372 1779 1413 lactis,
1799 1373 1929 1408 omnia

530 1439 563 1468 ¹5
578 1428 701 1471 mellis,
723 1428 843 1463 omnia
865 1429 1015 1463 nectaris
1037 1430 1122 1463 sunt
1140 1429 1255 1472 plena.
1297 1428 1427 1462 Exulat
1448 1428 1552 1471 longe
1575 1426 1734 1470 gentium
1757 1427 1928 1471 auaritia,

577 1483 675 1526 larga
708 1495 816 1517 manu
850 1483 982 1527 spargit
1015 1494 1098 1526 opes
1133 1482 1332 1517 liberalitas.
1390 1482 1518 1516 Noster
1554 1481 1629 1515 Rex
1667 1492 1740 1514 non
1777 1492 1925 1525 aurum,

579 1548 651 1571 non
673 1548 837 1581 gemmas,
863 1548 935 1572 non
958 1537 1110 1579 metalla,
1131 1538 1191 1571 sed
1211 1537 1391 1578 virtutem,
1417 1537 1477 1570 sed
1501 1536 1657 1580 glorim,
1682 1535 1745 1569 sed
1769 1537 1929 1571 aeterni-

580 1594 689 1627 tatem
712 1592 935 1635 concupiscit.
980 1593 1133 1627 Gustum
1155 1591 1220 1625 tibi
1241 1591 1340 1625 dabo.
1387 1591 1630 1634 Superioribus
1652 1590 1783 1631 diebus,
1809 1602 1929 1635 quum

580 1657 617 1680 se
639 1647 863 1680 eruditiorem
877 1647 1020 1689 optaret,
1042 1647 1142 1680 ‘Non
1159 1646 1244 1680 hoc’
1259 1647 1412 1689 inquam,
1432 1647 1512 1679 ‘nos
1528 1657 1548 1679 a
1564 1647 1608 1686 te,
1627 1645 1687 1679 sed
1702 1647 1742 1678 vt
1762 1645 1930 1679 eruditos

532 1713 567 1732 no
579 1700 802 1745 amplectaris
822 1703 859 1735 et
880 1702 1000 1735 foueas
1021 1700 1241 1744 expetimus!
1287 1700 1398 1743 ‘Quid
1419 1700 1503 1735 ni‘?'
1524 1701 1650 1744 inquit,
1678 1701 1825 1742 ‘nempe
1847 1700 1929 1734 sine

580 1756 654 1790 illis
676 1756 736 1790 vix
763 1757 942 1790 essemus.’
1007 1757 1101 1798 Quae
1122 1767 1191 1790 vox
1214 1766 1271 1790 ore
1296 1755 1466 1799 principis
1491 1755 1696 1799 praeclarior
1718 1754 1841 1789 emitti
1869 1765 1929 1798 po-

581 1811 679 1845 tuit?
724 1810 792 1845 Sed
813 1822 877 1854 ego
898 1811 1112 1855 imprudens,
1129 1811 1191 1854 qui
1210 1810 1326 1853 fragili
1346 1812 1418 1844 rate
1433 1811 1611 1845 Oceanum
1632 1809 1832 1853 ingredior:
1857 1809 1928 1843 tibi

580 1866 665 1900 haec
688 1865 868 1909 prouincia
891 1867 1058 1900 seruatur.
1107 1865 1205 1899 Haec
1228 1866 1346 1899 tamen
1369 1865 1516 1908 paucula
1539 1864 1582 1897 de
1608 1864 1722 1897 diuini
1745 1863 1929 1907 Principis

583 1920 744 1954 laudibus
765 1920 804 1953 in
826 1920 998 1963 principio
1020 1920 1141 1954 statim
1163 1919 1328 1962 epistolae
1355 1930 1563 1962 praeponere
1585 1908 1689 1959 rolui,
1715 1919 1754 1951 vt
1782 1918 1814 1951 si
1839 1918 1927 1962 quid

534 1987 567 2016 25
582 1975 647 2009 tibi
669 1975 835 2009 tristiciae
857 1975 894 2008 in
916 1975 1037 2009 animo
1059 1975 1215 2014 resideat,
1232 1974 1393 2017 protinus
1411 1974 1639 2017 expellerem,
1671 1974 1731 2006 aut
1751 1973 1783 2006 si
1806 1974 1929 2007 omnis

584 2030 684 2072 pulsa
704 2030 760 2070 sit,
781 2040 880 2072 spem
899 2040 1004 2072 quam
1026 2029 1223 2071 concepisti,
1249 2039 1321 2062 non
1339 2028 1454 2062 solum
1476 2029 1718 2062 confirmarem
1733 2028 1792 2061 sed
1809 2029 1929 2071 magis

584 2085 762 2127 magisque
778 2094 950 2126 augerem.

631 2138 736 2171 Nunc
756 2137 800 2171 ad
823 2139 903 2171 tuas
926 2138 1045 2171 literas
1065 2138 1177 2179 venio,
1201 2149 1349 2181 quarum
1371 2149 1459 2171 vnas
1479 2149 1534 2175 111,
1560 2137 1685 2171 alteras
1705 2147 1788 2170 vero
1810 2137 1929 2180 pridie

585 2193 666 2227 Kal.
693 2192 802 2226 Maias
825 2192 955 2226 Romae
977 2192 1021 2226 ad
1049 2204 1105 2226 me
1130 2192 1281 2227 dederas.
1342 2192 1474 2226 Primis
1497 2195 1532 2225 et
1556 2191 1809 2226 iucunditatem
1833 2193 1929 2226 mihi

535 2259 571 2287 3ο
584 2250 621 2282 et
635 2247 834 2282 molestiam
855 2248 987 2291 pariter
1006 2247 1156 2282 attulisti
1172 2260 1180 2289 ;
1205 2250 1306 2291 quod,
1323 2250 1363 2282 vt
1383 2247 1496 2289 debes,
1518 2247 1626 2281 amice
1647 2247 1682 2279 et
1703 2246 1930 2281 familiariter

586 2305 647 2337 tuo
657 2302 812 2337 Monioio
826 2302 979 2344 consilia,
998 2303 1232 2346 cogitationes,
1252 2313 1362 2344 casus,
1376 2312 1627 2343 aerumnasque
1643 2302 1721 2334 tuas
1736 2302 1929 2343 aperueris.

586 2357 664 2392 Hoc
690 2358 832 2402 quidem
856 2358 1075 2398 iucundum;
1102 2357 1138 2391 id
1161 2368 1245 2392 vero
1268 2357 1466 2398 molestum,
1493 2356 1584 2399 quod
1610 2357 1646 2389 te
1669 2355 1931 2390 amicissimum

586 2423 714 2455 meum,
741 2413 797 2447 cui
824 2413 862 2447 in
885 2413 1011 2457 primis
1032 2412 1120 2446 bene
1142 2423 1216 2445 esse
1242 2412 1351 2454 cupio,
1377 2412 1484 2445 variis
1511 2411 1669 2444 fortunae
1694 2410 1775 2443 telis
1801 2410 1932 2453 impeti

586 2468 766 2511 perspicio.
816 2467 1021 2503 Consolarer
1051 2468 1085 2501 te
1114 2467 1273 2510 bonoque
1298 2466 1418 2500 animo
1442 2477 1517 2500 esse
1543 2466 1709 2505 iuberem,
1739 2464 1777 2498 ni
1804 2467 1869 2499 tua
1895 2467 1934 2499 te

537 2531 572 2559 35
588 2524 721 2567 sponte,
745 2523 776 2556 si
795 2523 879 2567 quid
897 2524 1017 2556 tamen
1039 2532 1178 2564 sperare
1196 2522 1309 2563 audes,
1333 2522 1372 2554 in
1392 2532 1492 2564 spem
1513 2531 1583 2553 non
1604 2530 1748 2563 paruam
1768 2521 1932 2554 erectum

623 2609 677 2629 m.
711 2609 900 2629 avumxvs
925 2621 932 2629 .
957 2621 965 2629 .
990 2622 998 2630 .
1023 2609 1078 2629 sm.
1102 2603 1165 2628 adel.
1190 2602 1320 2627 Erasmus
1345 2602 1407 2633 ipse,
1434 2602 1480 2633 qm·
1507 2602 1593 2632 primo
1617 2607 1749 2626 mussas
1773 2606 1935 2628 annexu-s

587 2641 727 2671 scripserat
744 2647 790 2671 pro
808 2645 996 2666 ewamnvs
1015 2645 1177 2665 nomoxvs.
1318 2644 1342 2664 x.
1365 2637 1470 2664 Nihil:
1494 2637 1538 2663 nil
1558 2645 1575 2662 a
1593 2639 1680 2668 prima
1699 2643 1784 2661 marm
1801 2638 1935 2668 scriptum

587 2683 652 2701 corr.
681 2677 813 2702 Erasmus.
935 2683 978 2702 πο.
998 2675 1167 2709 expetimus
1181 2675 1238 2701 MS.
1256 2675 1331 2701 LB.:
1349 2674 1541 2708 expectemus
1554 2674 1633 2699 Lami.
1759 2680 1802 2698 22.
1826 2672 1934 2708 fragili

589 2713 654 2738 rate
667 2713 725 2739 MS.
737 2713 777 2739 F:
796 2711 960 2746 fragilitate
972 2713 999 2738 Ε
1011 2713 1106 2744 θυτήρ.
1266 2710 1309 2737 28.
1332 2718 1379 2737 111.
1394 2712 1453 2737 MS.
1468 2719 1475 2736 ε
1494 2709 1583 2736 tertio
1596 2711 1628 2735 R.

590 2769 596 2772 Α
624 2769 654 2818 ἶ.
666 2770 822 2818 diuisum]
833 2769 881 2810 Οἱ
892 2783 946 2817 Ep.
960 2790 1022 2810 221.
1036 2783 1073 2809 2⁶
1085 2782 1145 2809 and
1160 2782 1218 2810 LB.
1234 2782 1312 2816 App.
1329 2789 1390 2816 ¹30-
1592 2782 1619 2807 6.
1638 2779 1754 2815 literas]
1767 2780 1820 2814 Ep.
1838 2782 1907 2810 ποθ,
