2248 3363
517 448 560 479 62
908 443 1120 479 LETTERS
1151 443 1211 478 OF
1241 443 1464 478 ERASMUS
1753 441 1859 491 [¹54⁰

513 533 638 577 plausu
665 533 864 577 quantoque
890 531 1017 575 gaudio
1039 531 1260 566 literatorum
1284 531 1472 566 hominum
1502 531 1551 564 sit
1576 532 1758 575 exceptus,
1787 543 1856 567 nen

514 587 743 622 mediocrium
758 588 898 620 tantum
912 585 972 619 sed
990 587 1026 619 et
1041 597 1161 620 eorum
1176 586 1236 629 qui
1249 584 1467 619 cardinalitia
1481 585 1653 629 dignitate
1667 586 1855 630 praefulge-

514 641 620 683 bant3
641 641 681 675 in
697 641 825 685 quibus
839 639 1045 684 praecipuus
1059 640 1210 674 Ioannes
1224 640 1383 681 Medices,
1400 640 1460 684 qui
1474 639 1515 673 in
1530 638 1618 674 Iulii
1632 650 1666 674 11
1682 639 1854 676 demortui

513 696 632 731 locum
669 696 836 730 suffectus
872 694 1000 729 Leonis
1036 694 1163 729 decimi
1203 705 1332 729 nomen
1370 694 1532 738 obtinuit,
1573 695 1612 729 et
1648 693 1853 729 Dominicus

448 763 502 783 200
515 751 704 784 Grimsnus
733 749 897 790 Venetus,
930 751 1033 793 atque
1056 749 1227 793 Asgidius
1252 748 1486 783 viterbiensis
1513 748 1627 783 trium
1653 748 1853 793 linguarum

483 803 488 808 '
514 804 755 849 peritissimus,
783 805 854 838 tres
884 803 1026 847 quidem
1055 803 1183 848 egregii
1211 803 1334 838 heroes
1363 803 1524 837 fouendis
1552 802 1685 838 studiis
1714 804 1794 838 ΜΕ
1818 814 1854 838 ac

515 859 634 901 dediti,
651 859 689 893 in
711 858 840 902 quibus
860 857 947 891 adeo
969 869 1040 891 non
1062 858 1254 902 vulgariter
1275 857 1504 894 excellebant.
1547 856 1662 899 Vidit,
1678 859 1723 892 vt
1739 857 1852 892 audin

515 914 671 955 memini,
688 915 725 948 et
746 913 919 948 Thoumna
943 912 1045 946 illum
1066 912 1262 946 Phaedram
1289 911 1448 946 facundia
1473 911 1708 955 extemporali
1728 912 1853 947 heom-

514 967 714 1011 parabiliter
735 968 965 1012 eloquentem‚
991 966 1053 1011 qui
1075 966 1168 1000 ludis
1190 968 1225 1000 et
1247 966 1434 1000 comoediis
1457 966 1683 1001 recensendis
1707 967 1851 1011 priscam

448 1037 499 1064 205
514 1022 756 1066 antiquitatem
777 1021 1067 1065 repraesentabat.
1111 1020 1212 1055 Vidit
1226 1023 1262 1055 et
1284 1021 1372 1055 alios
1391 1021 1611 1064 professores.
1659 1020 1794 1056 Oblata
1806 1023 1850 1056 eet

514 1076 782 1112 Poenitentiarii
798 1076 960 1120 dignitas,
978 1076 1009 1111 si
1025 1076 1157 1110 Romae
1171 1086 1313 1110 manere
1330 1075 1443 1116 vellet,
1459 1075 1517 1110 via
1531 1075 1652 1110 futura
1665 1076 1713 1110 ad
1733 1076 1852 1111 altiora

513 1131 790 1173 conscendendi;
825 1142 909 1165 nam
935 1131 1216 1165 emolumentum
1243 1141 1314 1163 non
1346 1130 1642 1165 contemnendum
1674 1130 1764 1165 inde
1785 1141 1851 1166 ene

513 1187 656 1230 poterat.
705 1185 774 1219 Sed
798 1185 1014 1220 redeundum
1037 1185 1106 1219 fuit
1129 1184 1175 1219 ad
1193 1184 1513 1228 Archiepiscopum,
1534 1195 1617 1218 cum
1642 1196 1718 1229 quo
1741 1187 1852 1230 postes

514 1241 629 1274 denuo
648 1240 797 1273 Romam
820 1240 917 1280 adiit,
940 1250 1044 1283 quam
1065 1238 1307 1273 nobilissimus
1327 1238 1531 1273 adulescens
1551 1238 1676 1273 videre
1698 1239 1850 1283 cupiebat

448 1310 501 1331 ,ιο
514 1295 614 1338 prius
640 1305 744 1337 quam
769 1294 807 1328 in
831 1294 983 1327 Scotiam
1007 1305 1107 1328 suam
1133 1294 1283 1334 rediret;
1317 1304 1382 1328 nec
1409 1293 1522 1327 Roma
1546 1293 1620 1327 sola
1643 1293 1850 1338 (quanquam

515 1348 732 1383 dissimulato
754 1348 1018 1391 Archiepiscopi
1042 1348 1190 1391 fastigio,
1216 1358 1261 1381 ne
1287 1347 1449 1391 cuiquam
1471 1347 1639 1382 molestus
1672 1350 1779 1392 esset)
1798 1348 1849 1383 sed

514 1403 661 1438 vlterior
674 1403 736 1437 illa
751 1413 831 1446 pars
845 1402 968 1436 Italiae
985 1403 1114 1437 Cumas
1128 1413 1238 1446 vsque
1253 1402 1462 1446 perlustrata
1476 1412 1515 1436 ac
1535 1404 1683 1437 antrum
1705 1403 1851 1448 sibyllam

513 1458 761 1499 suffintratum,
779 1456 871 1501 quod
886 1457 962 1491 illic
976 1457 1021 1491 ab
1035 1456 1161 1491 accolis
1176 1456 1370 1491 etiamnum
1385 1456 1592 1491 ostenditur.

559 1512 646 1547 Post
661 1512 852 1546 discessum
863 1511 1036 1545 antistitis
1051 1511 1213 1545 ecclesiae
1223 1510 1296 1544 diui
1305 1511 1477 1553 Androm
1488 1513 1650 1547 veterum
1662 1512 1850 1548 amicorum

449 1580 500 1610 2¹5
514 1566 693 1608 memoria,
720 1577 806 1609 quos
835 1565 876 1600 in
902 1566 1086 1600 Britannia
1112 1565 1304 1609 reliquerat,
1331 1565 1369 1599 in
1394 1577 1496 1600 eausa
1525 1565 1594 1600 fuit
1618 1566 1776 1602 Erasmo
1799 1578 1851 1602 cm·

515 1620 668 1655 reditum
683 1620 722 1654 in
737 1621 886 1664 patriam
901 1622 937 1654 et
952 1620 1026 1663 ipse
1049 1620 1299 1654 maturandum
1320 1620 1471 1654 duceret.
1517 1620 1642 1664 Itaque
1665 1632 1732 1665 per
1752 1622 1852 1667 Alpe·

517 1674 681 1709 Rheticas
691 1674 833 1709 Curiam
846 1675 1010 1718 primum,
1023 1675 1147 1709 deinde
1160 1674 1404 1709 Constantiam
1418 1674 1462 1708 ad
1474 1674 1590 1709 lacum
1605 1674 1850 1720 Brigantiam

515 1729 699 1772 profectus,
716 1729 864 1763 transito
879 1729 1123 1764 Lentiensium
1142 1730 1258 1764 tractu
1281 1729 1342 1773 qui
1358 1730 1443 1763 sunt
1457 1728 1501 1763 ad
1523 1729 1725 1765 Martiam
1742 1731 1852 1776 sylon

516 1783 670 1827 initium,
694 1784 785 1828 quod
808 1784 929 1828 priscis
952 1784 1144 1828 Orcynium
1169 1784 1246 1826 fuit,
1272 1795 1333 1828 per
1356 1784 1557 1826 Brisigauos
1579 1785 1852 1828 Argentoratum

449 1853 501 1874 πο
515 1839 623 1882 venit,
640 1839 735 1874 vnde
749 1840 929 1882 sequundo
944 1839 1067 1873 Rheno
1081 1839 1120 1872 in
1136 1838 1366 1873 Hollandiam
1381 1839 1500 1872 vectus
1515 1840 1579 1872 est.
1626 1839 1718 1874 Mox
1738 1840 1853 1875 amics

514 1894 587 1929 suis
614 1893 830 1937 Antuerpiae
865 1895 902 1928 et
931 1893 1080 1927 Louanii
1115 1893 1276 1927 salutatis
1306 1893 1476 1936 Angliam
1508 1893 1594 1927 adit.
1657 1893 1854 1931 'tenebatur

515 1948 697 1992 dewderio
721 1948 864 1983 Ioannis
886 1948 998 1983 Coleti
1024 1948 1190 1991 theologi,
1216 1948 1275 1991 qui
1301 1947 1452 1981 Londini
1475 1948 1635 1982 Decanus
1663 1951 1744 1984 erat
1769 1948 1850 1994 apud

514 2004 638 2037 diuum
653 2003 812 2044 Paulum,
830 2003 982 2045 Grocini‚
997 2003 1176 2044 Latimeri‚
1189 2002 1337 2043 Linacri,
1356 2013 1505 2046 quorum
1519 2004 1602 2037 ante
1616 2004 1849 2044 meminimu,

514 2060 550 2092 et
588 2057 770 2101 praecipue
802 2059 957 2092 'rhomae
996 2057 1097 2092 Mori.
1159 2057 1272 2091 Vetus
1308 2057 1489 2091 Mecoenas
1526 2058 1603 2091 erat
1643 2057 1852 2094 Guilislmus

450 2122 501 2152 ²²5
515 2112 723 2153 vastamus»,
744 2106 1007 2146 'cantuariensis
1032 2112 1321 2155 archiepiscopus,
1346 2111 1457 2146 totius
1480 2111 1632 2155 Angliae
1657 2112 1805 2150 Prima·
1819 2114 1850 2148 et

516 2166 592 2200 eius
606 2166 705 2208 regni
720 2166 965 2208 Cancellarius,
983 2166 1047 2201 boc
1068 2169 1122 2201 est
1139 2166 1243 2201 iudex
1264 2177 1431 2207 summus,
1450 2166 1512 2210 qui
1535 2177 1659 2202 omnes
1679 2169 1850 2213 episeopo·

516 2220 592 2253 eius
606 2220 740 2255 insulae
755 2231 817 2254 sua
829 2221 1040 2255 liberalitate
1051 2221 1144 2255 vicit.
1185 2221 1255 2255 Hic
1271 2223 1306 2255 et
1316 2220 1499 2263 pecuniam
1515 2220 1613 2255 dedit
1627 2223 1669 2256 et
1682 2227 1852 2267 praetem

516 2273 748 2308 sacerdotium
776 2275 939 2310 ecclesiae
965 2275 1255 2319 Aldingtonensis
1285 2275 1324 2309 in
1353 2286 1437 2319 agro
1461 2275 1735 2319 Cantuariensi3
1768 2276 1850 2323 quod

515 2340 625 2373 quum
640 2329 807 2373 religione
823 2330 991 2364 Erasmus
1009 2330 1283 2374 obstringeretur
1304 2341 1373 2373 quo
1393 2329 1513 2364 minus
1531 2331 1655 2364 statim
1675 2332 1849 2377 accipent,

449 2396 502 2424 ²30
514 2383 762 2418 emolumentis
776 2385 922 2429 integris
936 2385 1052 2428 potius
1072 2385 1116 2419 ad
1135 2386 1309 2428 pastorem
1323 2383 1589 2428 pertinentibus,
1608 2385 1675 2428 qui
1694 2395 1853 2430 praesen

515 2438 578 2473 diu
601 2440 772 2483 noctuque
794 2439 986 2474 subiectam
1007 2439 1145 2484 plebem
1165 2439 1374 2481 institueret,
1392 2438 1430 2472 id
1452 2439 1544 2482 quod
1563 2438 1690 2475 nullus
1709 2441 1852 2477 inficiari

514 2495 640 2538 potest,
667 2494 712 2528 ad
739 2494 1021 2529 cunctabundum
1049 2494 1312 2529 Cantuariensis
1337 2493 1459 2535 ‘Quis’
1482 2493 1600 2537 inquit
1627 2494 1687 2530 ‘te
1716 2496 1853 2542 aequin

515 2559 558 2583 ex
587 2548 819 2583 eeclesiastico
849 2551 1021 2592 prouentu
1047 2548 1155 2591 viuat,
1181 2549 1240 2593 qui
1268 2548 1409 2592 scriptis
1434 2548 1506 2582 tuis
1535 2547 1740 2586 vtilissimis
1766 2551 1852 2595 ipsu

514 2603 740 2638 ecclesiarum
776 2603 968 2646 praefectos
1005 2603 1224 2646 presbyteros
1257 2603 1411 2644 instruis,
1444 2602 1555 2643 doces,
1586 2602 1743 2640 adium
1769 2613 1853 2640 vnn!

448 2669 500 2699 23⁵
515 2659 666 2692 omnes?
689 2669 753 2691 nec
776 2658 859 2692 illos
880 2659 1032 2699 tantum,
1049 2658 1108 2691 sed
1124 2659 1161 2691 et
1178 2659 1320 2691 cunctas
1336 2656 1462 2700 vbique
1485 2658 1662 2693 terrarum
1685 2658 1850 2700 eooleu‘fl,

515 2711 642 2755 quibus
655 2712 710 2747 illi
724 2712 876 2756 singulis
894 2712 1026 2756 singuli
1045 2711 1217 2746 duntaxat
1230 2711 1386 2755 praesint
1405 2714 1442 2746 et
1456 2712 1616 2755 proeint’
1661 2712 1760 2750 Sane
1779 2712 1854 2759 plns

513 2766 623 2800 semel
646 2767 834 2801 Erasmum
857 2767 970 2801 dicere
992 2767 1140 2800 memini
1161 2766 1359 2810 principum
1382 2777 1457 2800 esse
1480 2765 1606 2800 debere
1628 2767 1798 2808 officium,
1817 2766 1853 2801 vt

512 2821 652 2865 propria
668 2821 875 2857 liberalitate
890 2821 1065 2856 studiosos
1080 2821 1223 2863 iuuent;
1244 2820 1304 2855 sed
1322 2820 1403 2855 illos
1418 2820 1492 2855 suis
1506 2820 1681 2865 impensis
1695 2830 1852 2868 parsum
