2248 3363
460 401 563 441 1524]
743 400 968 435 ERASMUS
997 400 1057 434 ΤΟ
1087 399 1214 434 JOHN
1245 400 1495 436 BOTZHEIM
1744 406 1783 438 11

457 485 599 520 Etenim
612 497 722 530 quum
738 487 811 521 illic
828 488 965 522 cuidam
975 487 1105 522 dicenti
1120 487 1129 504 ‘
1138 487 1193 521 Ex
1204 486 1383 521 Hollando
1393 499 1513 522 versus
1525 500 1562 522 es
1579 488 1615 522 in
1629 489 1769 524 Gallum
1779 491 1792 506 '

458 541 686 583 respondetur
699 542 830 584 ‘Quid'P
851 543 910 575 An
922 552 1027 585 capus
1040 553 1137 575 eram
1148 552 1257 585 quum
1269 542 1353 576 hinc
1364 543 1542 583 abiremw,
1558 543 1620 577 ille
1635 545 1788 579 mutauit

462 592 534 625 ‘Ex
551 593 731 628 Hollando
741 605 864 628 versus
876 605 914 628 es
929 594 968 628 in
978 594 1201 629 Britannum.
1242 594 1334 636 Quid
1343 596 1363 628 Ῥ
1383 596 1443 629 An
1455 595 1546 629 Saxo
1560 607 1665 637 eram,
1678 608 1787 640 quum

457 645 542 680 hinc
568 647 758 683 abirem?’.
795 649 947 683 Rursum
972 659 1082 692 quum
1103 648 1248 692 quidam
1270 648 1415 682 dixisset
1440 648 1577 683 ‘Vestis
1598 650 1727 684 indicat
1749 653 1787 685 te

457 703 636 736 mutatum
663 713 706 736 ex
731 702 864 738 Batauo
893 703 932 737 in
960 703 1105 737 Gallum
1115 703 1135 745 ’‚
1162 702 1223 736 ille
1245 713 1288 735 ex
1314 703 1417 737 Gallo
1443 703 1524 737 facit
1551 704 1764 739 Britannum
1778 718 1788 747 ς
1802 716 1819 744 5

458 765 639 799 quumque
661 757 722 791 ille
743 757 978 800 respondisset
1005 757 1127 791 ‘Hanc
1149 756 1445 799 metamorphosin
1469 757 1594 791 malim
1620 770 1723 801 quam
1746 759 1787 794 in

458 808 626 851 gallinam
635 811 653 853 ’,
669 811 827 846 alludens
848 812 891 845 ad
913 812 1058 855 gallum,
1076 810 1137 844 ille
1159 812 1312 845 mutauit
1332 811 1498 854 gallinam
1521 812 1560 845 in
1577 813 1784 850 Bohemum.

460 862 541 896 Mox
568 875 675 907 quum
701 865 842 909 quidam
865 865 998 900 iocatur
1021 876 1060 899 se
1084 865 1250 899 Latinum
1276 876 1412 908 quoque
1437 877 1633 901 sermonem
1663 878 1788 903 sonare

459 917 600 960 Gallice,
627 919 688 953 ille
710 931 774 963 pro
798 920 930 954 Gallice
952 920 1061 954 vertit
1084 919 1292 960 Britannice,
1319 920 1356 953 et
1385 922 1506 954 tamen
1529 921 1670 964 reliquit
1694 923 1787 966 quod

457 973 635 1015 sequitur:
669 974 876 1018 ‘Nunquam
901 975 1010 1018 igitur
1035 975 1128 1008 bona
1153 974 1309 1008 carmina
1338 974 1452 1016 facies,
1480 975 1561 1019 quia
1590 976 1692 1019 periit
1721 978 1787 1011 tibi
1803 991 1838 1011 ιο

457 1027 669 1070 syllabarum
683 1030 860 1072 quantitas
868 1029 887 1071 ⁹,
906 1030 997 1074 quod
1013 1029 1052 1062 in
1067 1029 1256 1062 Britannos
1271 1039 1342 1062 non
1358 1029 1528 1072 congruit.
1577 1029 1668 1064 Item
1680 1043 1788 1075 quum

456 1080 528 1115 illic
538 1081 665 1125 aliquis
674 1083 759 1117 dicit
771 1084 877 1126 ‘Quid
886 1084 1011 1117 accidit
1021 1083 1135 1117 Gallis
1145 1085 1185 1116 vt
1194 1082 1327 1116 bellum
1338 1082 1528 1126 suscipiant
1537 1095 1617 1118 cum
1626 1086 1785 1128 aquila?’‚

453 1134 513 1168 ille
534 1136 584 1170 sic
607 1139 799 1181 corrumpit
820 1138 947 1180 iocum,
970 1137 1081 1180 ‘Quid
1104 1136 1228 1170 accidit
1250 1137 1367 1180 pardis
1385 1139 1425 1170 vt
1443 1137 1575 1172 bellum
1598 1140 1789 1183 suscipiant

453 1200 534 1223 cum
554 1190 698 1233 liliisv’,
728 1192 827 1235 quasi
851 1192 926 1226 lilia
948 1192 1084 1226 soleant
1105 1191 1243 1234 prodire
1261 1191 1299 1224 in
1318 1191 1461 1225 bellum.
1510 1192 1694 1227 Interdum
1714 1205 1787 1228 non

453 1245 563 1278 sentit
583 1256 624 1278 ea
641 1256 727 1289 quae
747 1249 942 1290 sequuntur
961 1257 1043 1280 cum
1060 1245 1117 1279 his
1135 1255 1220 1288 quae
1240 1245 1392 1279 mutauit
1411 1257 1484 1280 non
1501 1246 1670 1290 coherere,
1688 1250 1788 1283 velut
1802 1263 1835 1292 ¹⁵

454 1297 519 1332 hoc
540 1299 617 1342 ipso
638 1300 676 1333 in
699 1300 783 1334 loco.
832 1301 907 1343 Ego
928 1302 1132 1343 scripseram
1150 1300 1276 1333 ‘Estne
1298 1300 1438 1333 Lutetia
1457 1300 1628 1336 immunis
1647 1312 1668 1335 a
1687 1301 1795 1346 pesti?

455 1352 623 1395 lentia?';
639 1354 700 1388 ille
708 1356 822 1389 mutat
835 1355 958 1388 ‘Estne
966 1354 1166 1388 Londinum
1174 1353 1343 1387 immunis
1355 1365 1375 1387 a
1385 1355 1626 1397 pestilentiaP.
1653 1356 1787 1391 Rursus

456 1407 527 1441 alio
557 1407 633 1442 loco
659 1409 751 1452 quod
781 1420 802 1443 a
828 1410 975 1453 quodam
1001 1409 1129 1443 dicitur
1157 1408 1267 1450 ‘Quid
1293 1408 1509 1451 trepidamus
1533 1410 1629 1444 hunc
1653 1411 1788 1454 gallum

459 1461 659 1504 lacerarer,
681 1463 743 1497 ille
764 1464 897 1507 gallum
917 1463 1026 1498 vertit
1047 1463 1087 1497 in
1108 1462 1271 1506 leporem,
1292 1473 1356 1496 nec
1378 1465 1497 1497 tamen
1519 1465 1671 1498 mutauit
1696 1465 1788 1508 quod

458 1516 622 1559 sequitur,
645 1518 790 1552 ‘Vtrum
812 1519 925 1552 mauis
945 1518 988 1552 de
1007 1517 1064 1551 ala
1082 1528 1128 1551 an
1147 1517 1191 1550 de
1211 1516 1448 1559 poplitibus?
1469 1518 1579 1552 Porro
1597 1530 1704 1562 quum
1721 1519 1789 1553 Do·
1802 1534 1838 1554 ιο

459 1571 679 1605 minicalibus
698 1573 783 1606 adeo
798 1574 917 1607 tenere
932 1573 1047 1607 faueat
1061 1573 1102 1605 vt
1121 1571 1271 1605 voluerit
1292 1571 1384 1614 apud
1406 1571 1486 1605 illos
1500 1573 1616 1606 sedere
1632 1574 1789 1607 commis-

455 1626 574 1667 sarios,
601 1628 720 1660 tamen
744 1627 889 1661 Scotum
917 1627 1078 1660 atrociter
1105 1627 1276 1660 attactum
1305 1636 1414 1669 aequo
1443 1626 1512 1661 fert
1538 1627 1664 1662 animo.
1714 1628 1787 1663 Nee

453 1679 548 1713 enim
569 1682 721 1715 mutauit
746 1682 838 1725 quod
864 1682 940 1715 illic
963 1681 1048 1715 dicit
1071 1680 1224 1724 quidam,
1254 1679 1384 1714 ‘citius
1406 1680 1517 1724 patiar
1538 1682 1649 1725 perire
1672 1684 1786 1716 totum

455 1735 596 1769 Scotum
611 1747 716 1779 quam
731 1736 840 1770 libros
854 1736 960 1770 vuius
975 1735 1150 1770 Ciceronis
1159 1735 1177 1768 ’.

497 1789 630 1824 Verum
653 1793 694 1824 vt
719 1790 804 1824 haec
834 1790 1008 1825 stulticiae
1033 1790 1139 1833 plena
1160 1790 1253 1830 sunt,
1277 1788 1328 1822 ita
1353 1789 1477 1823 insunt
1502 1790 1676 1833 permulta
1699 1802 1787 1834 quae
1802 1804 1835 1832 ²5

455 1854 574 1886 parem
605 1844 735 1879 habent
764 1845 937 1879 stulticiae
966 1846 1121 1879 iunctam
1150 1843 1332 1877 maliciam.
1384 1843 1533 1885 Quidam
1564 1844 1635 1877 illic
1665 1845 1788 1879 irridet

457 1899 619 1941 sodalem,
638 1900 699 1943 qui
721 1911 829 1944 quum
851 1901 943 1934 emet
964 1899 1117 1942 perditae
1138 1898 1240 1939 vitae,
1263 1899 1381 1930 tamen
1405 1897 1524 1930 fideret
1546 1898 1652 1931 bullis
1673 1899 1788 1932 indul-

456 1954 657 1996 gentiariis3
686 1954 742 1989 hic
768 1956 940 1988 corrector
968 1953 1051 1987 facit
1076 1953 1180 1986 illum
1207 1951 1376 1985 fatentem
1402 1961 1440 1984 se
1467 1961 1547 1985 cum
1573 1951 1700 1986 Lutero
1723 1964 1787 1987 suo

455 2008 585 2041 sentire
608 2008 842 2052 indulgentias
865 2007 1070 2042 Pontificius
1093 2006 1187 2040 nihil
1205 2005 1328 2046 valere,
1346 2016 1386 2039 ac
1408 2016 1489 2039 mox
1512 2006 1616 2049 fingit
1637 2008 1786 2042 eundem

455 2063 715 2105 resipiscentem
738 2062 894 2106 profiteri
908 2063 1035 2096 erroris
1054 2061 1109 2095 sui
1131 2060 1389 2104 poenitentiam.
1436 2061 1551 2104 Atque
1573 2061 1657 2095 haec
1674 2062 1785 2096 videri
1799 2075 1836 2102 30

455 2118 534 2151 vult
555 2118 652 2151 velut
676 2129 697 2152 a
721 2129 779 2152 me
802 2120 961 2151 correcta.
1011 2117 1041 2151 Ο
1065 2116 1173 2150 miros
1199 2115 1282 2149 fidei
1304 2115 1462 2148 nutantis
1485 2116 1668 2151 Atlantes!
1706 2117 1785 2151 Hoc

454 2172 599 2215 perinde
629 2175 682 2207 est
704 2184 743 2207 ac
766 2172 797 2206 si
821 2172 899 2216 quis
923 2171 1000 2205 offis
1022 2171 1190 2214 sanguine
1216 2169 1362 2203 imbutis
1383 2170 1513 2203 vulnus
1535 2171 1724 2205 mentiatur
1745 2172 1783 2205 in

454 2226 609 2261 humano
639 2238 789 2270 corpore,
819 2237 858 2260 ac
888 2237 969 2261 mox
1000 2226 1093 2260 idem
1122 2224 1268 2259 sublatis
1299 2235 1385 2267 quae
1410 2225 1619 2266 admouerat,
1646 2226 1784 2260 vulneri

454 2281 642 2315 medeatur.
703 2281 798 2316 Dicit
827 2281 899 2315 illic
928 2292 1014 2324 puer
1043 2280 1215 2323 quispiam
1245 2279 1493 2313 confessionem
1525 2291 1611 2322 quae
1636 2280 1679 2314 fit
1709 2281 1783 2314 Deo

451 2337 670 2381 praecipuam
700 2347 782 2371 esse.
834 2335 898 2369 llle
928 2335 1084 2375 correxit,
1117 2344 1316 2368 asseuerans
1347 2333 1597 2367 confessionem
1627 2345 1715 2377 quae
1742 2335 1783 2368 fit
1797 2346 1832 2374 3⁵

453 2391 621 2425 sacerdoti
652 2391 870 2434 praecipuam
901 2401 983 2424 esse.
1034 2389 1091 2423 Ita
1119 2388 1295 2431 prospexit
1323 2388 1531 2431 periclitanti
1561 2388 1779 2423 confessioni.

453 2447 576 2480 Vnum
597 2446 661 2479 hoc
681 2444 830 2488 exempli
854 2454 955 2479 causa
974 2443 1086 2485 retuli,
1105 2454 1184 2476 cum
1206 2442 1246 2476 in
1265 2442 1371 2477 huius
1392 2444 1528 2487 generis
1548 2442 1784 2486 sycophantiis

986 2516 1031 2542 ²9·
1050 2506 1205 2534 pontificis
1216 2507 1243 2533 ὃ.

488 2583 512 2602 1.
520 2574 565 2602 Ex
573 2572 725 2601 nouando
733 2574 790 2600 ete.
814 2572 852 2599 In
858 2572 911 2599 the
916 2573 1089 2599 Permtandi
1146 2571 1215 2605 (LB.
1226 2571 1247 2599 i.
1257 2571 1312 2598 ⁶82
1320 2571 1362 2605 Α).
1398 2570 1471 2598 'l'his
1482 2578 1603 2605 passage
1612 2578 1674 2597 was
1683 2570 1781 2599 added

448 2613 546 2639 Poma
555 2610 589 2638 of
594 2609 738 2637 Claudius
747 2617 786 2636 an
817 2609 940 2641 Balbus,
949 2608 1046 2635 added
1055 2609 1087 2635 to
1144 2608 1178 2635 in
1187 2608 1241 2635 the
1249 2608 1366 2635 Froben
1376 2607 1495 2634 edition
1503 2606 1537 2634 of
1543 2606 1585 2642 (c.
1595 2606 1692 2643 Aug.)
1702 2615 1779 2642 ¹52²·

449 2648 503 2675 the
517 2649 702 2679 colloquiorum
711 2647 848 2673 Foemulae
861 2645 893 2672 in
907 2645 960 2672 the
970 2644 1087 2672 Froben
1180 2653 1226 2679 27·
1246 2643 1351 2678 bullis]
1378 2644 1418 2671 In
1437 2644 1491 2671 the
1509 2644 1713 2671 conversation
1732 2644 1779 2671 be-

449 2684 568 2711 edition
582 2683 615 2710 of
626 2682 731 2710 Har-ch
747 2689 817 2715 1522
832 2681 907 2715 (LB.
920 2682 938 2708 i.
954 2681 1068 2714 ⁶3⁴-ffl-
1144 2681 1245 2708 tween
1257 2680 1372 2707 Arnold
1390 2680 1451 2707 and
1465 2680 1623 2707 Cornelius
1634 2680 1732 2708 added
1744 2682 1779 2709 in

486 2721 529 2748 18.
544 2719 605 2747 alio
615 2718 691 2753 loeo]
701 2718 739 2745 In
750 2718 804 2745 the
811 2719 977 2751 Conuiuium,
985 2717 1086 2744 which
1145 2716 1248 2744 March
1263 2725 1332 2750 1522
1347 2716 1418 2752 (LB.
1436 2717 1456 2743 i.
1468 2717 1524 2750 640
1536 2717 1596 2750 ΑΒ).

451 2757 479 2784 is
490 2758 524 2783 in
537 2756 592 2783 tho
605 2754 734 2790 original
744 2754 860 2781 edition
874 2753 944 2788 (LB.
954 2753 974 2780 i.
985 2754 1086 2788 ⁶⁶0¹).
1180 2760 1225 2787 34.
1256 2752 1344 2787 puer]
1376 2753 1414 2779 In
1446 2753 1499 2779 the
1528 2754 1700 2786 Βοηίοὸιαωῑο
1729 2754 1780 2781 Pia

487 2801 532 2828 ²3·
542 2790 651 2827 Citius]
661 2791 700 2819 In
708 2790 761 2818 the
768 2792 926 2818 conuiuium
933 2791 1088 2822 Religionum
1144 2789 1240 2816 added
1260 2790 1294 2816 in
1313 2789 1415 2816 March
1431 2796 1501 2823 ¹52²
1521 2789 1593 2825 (LB.
1608 2790 1627 2816 i.
1641 2791 1696 2824 652
1708 2790 1751 2826 Α).
