<?xml version="1.0" encoding="UTF-8"?>
<!DOCTYPE html PUBLIC "-//W3C//DTD XHTML 1.0 Transitional//EN"
    "http://www.w3.org/TR/xhtml1/DTD/xhtml1-transitional.dtd">
<html xmlns="http://www.w3.org/1999/xhtml" xml:lang="en" lang="en">
 <head>
  <title>
</title>
<meta http-equiv="Content-Type" content="text/html;charset=utf-8" />
  <meta name='ocr-system' content='tesseract 3.04.00' />
  <meta name='ocr-capabilities' content='ocr_page ocr_carea ocr_par ocr_line ocrx_word'/>
</head>
<body>
  <div class='ocr_page' id='page_1' title='image "./opusepistolarum00garrgoog_0104.png"; bbox 0 0 2248 3363; ppageno 0'>
   <div class='ocr_carea' id='block_1_1' title="bbox 498 385 1827 433">
    <p class='ocr_par' dir='ltr' id='par_1_1' title="bbox 498 385 1827 433">
     <span class='ocr_line' id='line_1_1' title="bbox 498 385 1827 433; baseline 0 -12"><span class='ocrx_word' id='word_1_1' title='bbox 498 390 540 421; x_wconf 81' lang='lat'><strong>76</strong></span> <span class='ocrx_word' id='word_1_2' title='bbox 885 387 1096 421; x_wconf 81' lang='lat' dir='ltr'><strong>LETTERS</strong></span> <span class='ocrx_word' id='word_1_3' title='bbox 1126 387 1185 421; x_wconf 73' lang='lat' dir='ltr'><strong>OF</strong></span> <span class='ocrx_word' id='word_1_4' title='bbox 1216 385 1438 422; x_wconf 76' lang='lat' dir='ltr'>ERASMUS</span> <span class='ocrx_word' id='word_1_5' title='bbox 1721 386 1755 433; x_wconf 88' lang='grc' dir='ltr'><strong>[ι</strong></span> <span class='ocrx_word' id='word_1_6' title='bbox 1763 391 1827 432; x_wconf 83' lang='lat'><strong>487</strong></span> 
     </span>
    </p>
   </div>
   <div class='ocr_carea' id='block_1_2' title="bbox 444 473 1837 2206">
    <p class='ocr_par' dir='ltr' id='par_1_2' title="bbox 444 473 1837 2206">
     <span class='ocr_line' id='line_1_2' title="bbox 495 473 1829 519; baseline 0.001 -11"><span class='ocrx_word' id='word_1_7' title='bbox 495 473 660 518; x_wconf 79' lang='lat' dir='ltr'><strong>epistolae</strong></span> <span class='ocrx_word' id='word_1_8' title='bbox 674 473 875 508; x_wconf 69' lang='lat' dir='ltr'><strong>scribendae</strong></span> <span class='ocrx_word' id='word_1_9' title='bbox 894 474 1007 509; x_wconf 88' lang='lat' dir='ltr'><strong>otium</strong></span> <span class='ocrx_word' id='word_1_10' title='bbox 1027 474 1137 508; x_wconf 85' lang='lat' dir='ltr'><strong>amori</strong></span> <span class='ocrx_word' id='word_1_11' title='bbox 1157 476 1276 508; x_wconf 82' lang='lat' dir='ltr'><strong>nostro</strong></span> <span class='ocrx_word' id='word_1_12' title='bbox 1298 474 1526 509; x_wconf 88' lang='lat' dir='ltr'><strong>tribuendum</strong></span> <span class='ocrx_word' id='word_1_13' title='bbox 1546 485 1619 509; x_wconf 89' lang='lat' dir='ltr'><strong>non</strong></span> <span class='ocrx_word' id='word_1_14' title='bbox 1639 477 1742 519; x_wconf 72' lang='lat' dir='ltr'><strong>putas</strong></span> <span class='ocrx_word' id='word_1_15' title='bbox 1756 476 1829 518; x_wconf 85' lang='lat' dir='ltr'><strong>(vix</strong></span> 
     </span>
     <span class='ocr_line' id='line_1_3' title="bbox 496 528 1829 573; baseline 0.001 -10"><span class='ocrx_word' id='word_1_16' title='bbox 496 528 716 563; x_wconf 80' lang='lat' dir='ltr'><strong>stomachum</strong></span> <span class='ocrx_word' id='word_1_17' title='bbox 735 528 861 571; x_wconf 82' lang='lat' dir='ltr'><strong>teneo),</strong></span> <span class='ocrx_word' id='word_1_18' title='bbox 878 531 940 563; x_wconf 81' lang='lat' dir='ltr'><strong>aut</strong></span> <span class='ocrx_word' id='word_1_19' title='bbox 962 540 1026 573; x_wconf 82' lang='lat' dir='ltr'><strong>ego</strong></span> <span class='ocrx_word' id='word_1_20' title='bbox 1046 540 1170 573; x_wconf 78' lang='lat' dir='ltr'><strong>parum</strong></span> <span class='ocrx_word' id='word_1_21' title='bbox 1188 529 1253 563; x_wconf 89' lang='lat' dir='ltr'><strong>tibi</strong></span> <span class='ocrx_word' id='word_1_22' title='bbox 1275 528 1369 563; x_wconf 69' lang='lat' dir='ltr'><strong>cordi</strong></span> <span class='ocrx_word' id='word_1_23' title='bbox 1392 540 1482 572; x_wconf 84' lang='lat' dir='ltr'><strong>sum,</strong></span> <span class='ocrx_word' id='word_1_24' title='bbox 1501 531 1563 563; x_wconf 80' lang='lat' dir='ltr'><strong>sut</strong></span> <span class='ocrx_word' id='word_1_25' title='bbox 1584 530 1739 573; x_wconf 81' lang='lat' dir='ltr'><strong>profecto</strong></span> <span class='ocrx_word' id='word_1_26' title='bbox 1757 531 1829 565; x_wconf 83' lang='lat' dir='ltr'><strong>iam</strong></span> 
     </span>
     <span class='ocr_line' id='line_1_4' title="bbox 495 583 1829 628; baseline 0.001 -11"><span class='ocrx_word' id='word_1_27' title='bbox 495 584 599 627; x_wconf 82' lang='lat' dir='ltr'><strong>plane</strong></span> <span class='ocrx_word' id='word_1_28' title='bbox 620 583 740 618; x_wconf 84' lang='lat' dir='ltr'><strong>excidi.</strong></span> <span class='ocrx_word' id='word_1_29' title='bbox 789 583 828 618; x_wconf 81' lang='lat' dir='ltr'><strong>Si</strong></span> <span class='ocrx_word' id='word_1_30' title='bbox 850 594 908 618; x_wconf 88' lang='lat' dir='ltr'><strong>me</strong></span> <span class='ocrx_word' id='word_1_31' title='bbox 930 583 996 618; x_wconf 76' lang='lat' dir='ltr'><strong>hac</strong></span> <span class='ocrx_word' id='word_1_32' title='bbox 1019 584 1215 628; x_wconf 73' lang='lat' dir='ltr'><strong>suspicione</strong></span> <span class='ocrx_word' id='word_1_33' title='bbox 1237 583 1394 618; x_wconf 79' lang='lat' dir='ltr'><strong>leuatum</strong></span> <span class='ocrx_word' id='word_1_34' title='bbox 1418 584 1524 627; x_wconf 87' lang='lat' dir='ltr'><strong>cupis,</strong></span> <span class='ocrx_word' id='word_1_35' title='bbox 1541 583 1573 618; x_wconf 85' lang='lat' dir='ltr'><strong>si</strong></span> <span class='ocrx_word' id='word_1_36' title='bbox 1595 584 1667 618; x_wconf 76' lang='lat' dir='ltr'><strong>vlla</strong></span> <span class='ocrx_word' id='word_1_37' title='bbox 1689 584 1829 619; x_wconf 79' lang='lat' dir='ltr'><strong>Erasmi</strong></span> 
     </span>
     <span class='ocr_line' id='line_1_5' title="bbox 449 638 1830 683; baseline 0.004 -14"><span class='ocrx_word' id='word_1_38' title='bbox 449 649 481 679; x_wconf 84' lang='lat'><strong>¹5</strong></span> <span class='ocrx_word' id='word_1_39' title='bbox 495 638 549 673; x_wconf 89' lang='lat' dir='ltr'><strong>tui</strong></span> <span class='ocrx_word' id='word_1_40' title='bbox 563 638 629 673; x_wconf 89' lang='lat' dir='ltr'><strong>tibi</strong></span> <span class='ocrx_word' id='word_1_41' title='bbox 644 649 727 672; x_wconf 82' lang='lat' dir='ltr'><strong>cura</strong></span> <span class='ocrx_word' id='word_1_42' title='bbox 743 639 806 680; x_wconf 91' lang='lat' dir='ltr'><strong>est,</strong></span> <span class='ocrx_word' id='word_1_43' title='bbox 820 638 851 672; x_wconf 85' lang='lat' dir='ltr'><strong>si</strong></span> <span class='ocrx_word' id='word_1_44' title='bbox 866 638 951 683; x_wconf 90' lang='lat' dir='ltr'><strong>quid</strong></span> <span class='ocrx_word' id='word_1_45' title='bbox 966 638 1006 672; x_wconf 87' lang='lat' dir='ltr'><strong>in</strong></span> <span class='ocrx_word' id='word_1_46' title='bbox 1020 640 1058 672; x_wconf 92' lang='lat' dir='ltr'><strong>te</strong></span> <span class='ocrx_word' id='word_1_47' title='bbox 1071 638 1192 673; x_wconf 79' lang='lat' dir='ltr'><strong>fratris</strong></span> <span class='ocrx_word' id='word_1_48' title='bbox 1206 638 1381 682; x_wconf 88' lang='lat' dir='ltr'><strong>reliquum</strong></span> <span class='ocrx_word' id='word_1_49' title='bbox 1391 639 1454 681; x_wconf 84' lang='lat' dir='ltr'><strong>est,</strong></span> <span class='ocrx_word' id='word_1_50' title='bbox 1469 649 1552 673; x_wconf 82' lang='lat' dir='ltr'><strong>cura</strong></span> <span class='ocrx_word' id='word_1_51' title='bbox 1566 639 1830 683; x_wconf 75' lang='lat' dir='ltr'><strong>quamprimum</strong></span> 
     </span>
     <span class='ocr_line' id='line_1_6' title="bbox 495 692 1829 737; baseline 0.001 -10"><span class='ocrx_word' id='word_1_52' title='bbox 495 693 539 727; x_wconf 88' lang='lat' dir='ltr'><strong>ad</strong></span> <span class='ocrx_word' id='word_1_53' title='bbox 562 703 620 726; x_wconf 87' lang='lat' dir='ltr'><strong>me</strong></span> <span class='ocrx_word' id='word_1_54' title='bbox 643 692 828 737; x_wconf 74' lang='lat' dir='ltr'>scripseris.</span> <span class='ocrx_word' id='word_1_55' title='bbox 878 693 935 727; x_wconf 77' lang='lat' dir='ltr'><strong>Ita</strong></span> <span class='ocrx_word' id='word_1_56' title='bbox 957 694 1002 735; x_wconf 85' lang='lat' dir='ltr'><strong>te,</strong></span> <span class='ocrx_word' id='word_1_57' title='bbox 1029 693 1143 734; x_wconf 83' lang='lat' dir='ltr'><strong>Petro,</strong></span> <span class='ocrx_word' id='word_1_58' title='bbox 1171 694 1264 727; x_wconf 77' lang='lat' dir='ltr'><strong>recte</strong></span> <span class='ocrx_word' id='word_1_59' title='bbox 1288 692 1464 727; x_wconf 87' lang='lat' dir='ltr'><strong>valentem</strong></span> <span class='ocrx_word' id='word_1_60' title='bbox 1487 693 1689 737; x_wconf 78' lang='lat' dir='ltr'><strong>propediem</strong></span> <span class='ocrx_word' id='word_1_61' title='bbox 1714 693 1829 728; x_wconf 74' lang='lat' dir='ltr'><strong>laetus</strong></span> 
     </span>
     <span class='ocr_line' id='line_1_7' title="bbox 494 746 1829 791; baseline 0.001 -10"><span class='ocrx_word' id='word_1_62' title='bbox 494 747 685 790; x_wconf 83' lang='lat' dir='ltr'><strong>aspiciam;</strong></span> <span class='ocrx_word' id='word_1_63' title='bbox 720 748 756 780; x_wconf 93' lang='lat' dir='ltr'><strong>et</strong></span> <span class='ocrx_word' id='word_1_64' title='bbox 782 758 846 790; x_wconf 80' lang='lat' dir='ltr'><strong>ego</strong></span> <span class='ocrx_word' id='word_1_65' title='bbox 872 746 964 780; x_wconf 88' lang='lat' dir='ltr'><strong>nihil</strong></span> <span class='ocrx_word' id='word_1_66' title='bbox 990 746 1062 781; x_wconf 90' lang='lat' dir='ltr'><strong>tuis</strong></span> <span class='ocrx_word' id='word_1_67' title='bbox 1089 747 1200 781; x_wconf 82' lang='lat' dir='ltr'><strong>literis</strong></span> <span class='ocrx_word' id='word_1_68' title='bbox 1226 747 1361 781; x_wconf 88' lang='lat' dir='ltr'><strong>habebo</strong></span> <span class='ocrx_word' id='word_1_69' title='bbox 1392 758 1504 791; x_wconf 89' lang='lat' dir='ltr'><strong>neque</strong></span> <span class='ocrx_word' id='word_1_70' title='bbox 1533 747 1688 791; x_wconf 80' lang='lat' dir='ltr'><strong>optatius</strong></span> <span class='ocrx_word' id='word_1_71' title='bbox 1717 759 1829 791; x_wconf 86' lang='lat' dir='ltr'><strong>neque</strong></span> 
     </span>
     <span class='ocr_line' id='line_1_8' title="bbox 494 800 1829 837; baseline 0.001 -2"><span class='ocrx_word' id='word_1_72' title='bbox 494 800 642 835; x_wconf 80' lang='lat' dir='ltr'><strong>charius.</strong></span> <span class='ocrx_word' id='word_1_73' title='bbox 691 800 798 835; x_wconf 76' lang='lat' dir='ltr'><strong>Nulla</strong></span> <span class='ocrx_word' id='word_1_74' title='bbox 812 811 851 835; x_wconf 85' lang='lat' dir='ltr'><strong>re</strong></span> <span class='ocrx_word' id='word_1_75' title='bbox 865 800 934 835; x_wconf 73' lang='lat' dir='ltr'><strong>alia</strong></span> <span class='ocrx_word' id='word_1_76' title='bbox 945 801 1072 835; x_wconf 86' lang='lat' dir='ltr'><strong>certius</strong></span> <span class='ocrx_word' id='word_1_77' title='bbox 1086 801 1176 835; x_wconf 86' lang='lat' dir='ltr'><strong>mihi</strong></span> <span class='ocrx_word' id='word_1_78' title='bbox 1190 802 1299 836; x_wconf 87' lang='lat' dir='ltr'><strong>fidem</strong></span> <span class='ocrx_word' id='word_1_79' title='bbox 1313 801 1436 836; x_wconf 84' lang='lat' dir='ltr'><strong>feceris</strong></span> <span class='ocrx_word' id='word_1_80' title='bbox 1455 804 1492 836; x_wconf 87' lang='lat' dir='ltr'><strong>te</strong></span> <span class='ocrx_word' id='word_1_81' title='bbox 1508 802 1622 836; x_wconf 81' lang='lat' dir='ltr'><strong>nostri</strong></span> <span class='ocrx_word' id='word_1_82' title='bbox 1637 813 1829 837; x_wconf 84' lang='lat' dir='ltr'><strong>memorem</strong></span> 
     </span>
     <span class='ocr_line' id='line_1_9' title="bbox 495 855 1829 900; baseline 0.002 -11"><span class='ocrx_word' id='word_1_83' title='bbox 495 867 579 898; x_wconf 87' lang='lat' dir='ltr'><strong>esse,</strong></span> <span class='ocrx_word' id='word_1_84' title='bbox 598 857 634 889; x_wconf 89' lang='lat' dir='ltr'><strong>et</strong></span> <span class='ocrx_word' id='word_1_85' title='bbox 648 855 954 898; x_wconf 82' lang='lat' dir='ltr'><strong>germanissimum</strong></span> <span class='ocrx_word' id='word_1_86' title='bbox 969 857 1071 890; x_wconf 88' lang='lat' dir='ltr'><strong>tuum</strong></span> <span class='ocrx_word' id='word_1_87' title='bbox 1085 867 1166 900; x_wconf 80' lang='lat' dir='ltr'><strong>erga</strong></span> <span class='ocrx_word' id='word_1_88' title='bbox 1180 866 1238 890; x_wconf 88' lang='lat' dir='ltr'><strong>me</strong></span> <span class='ocrx_word' id='word_1_89' title='bbox 1254 855 1421 898; x_wconf 87' lang='lat' dir='ltr'><strong>animum,</strong></span> <span class='ocrx_word' id='word_1_90' title='bbox 1440 855 1637 890; x_wconf 79' lang='lat' dir='ltr'><strong>innumeris</strong></span> <span class='ocrx_word' id='word_1_91' title='bbox 1655 857 1728 891; x_wconf 78' lang='lat' dir='ltr'><strong>iam</strong></span> <span class='ocrx_word' id='word_1_92' title='bbox 1743 857 1829 892; x_wconf 88' lang='lat' dir='ltr'><strong>olim</strong></span> 
     </span>
     <span class='ocr_line' id='line_1_10' title="bbox 447 906 1830 954; baseline 0.004 -14"><span class='ocrx_word' id='word_1_93' title='bbox 447 920 483 941; x_wconf 64' lang='grc' dir='ltr'><strong>ιο</strong></span> <span class='ocrx_word' id='word_1_94' title='bbox 495 910 712 952; x_wconf 69' lang='lat' dir='ltr'><strong>argumentis</strong></span> <span class='ocrx_word' id='word_1_95' title='bbox 725 909 1052 953; x_wconf 75' lang='lat' dir='ltr'><strong>perspectissimum,</strong></span> <span class='ocrx_word' id='word_1_96' title='bbox 1065 910 1179 944; x_wconf 85' lang='lat' dir='ltr'><strong>adhuc</strong></span> <span class='ocrx_word' id='word_1_97' title='bbox 1191 909 1301 945; x_wconf 85' lang='lat' dir='ltr'><strong>solide</strong></span> <span class='ocrx_word' id='word_1_98' title='bbox 1316 906 1550 954; x_wconf 85' lang='lat' dir='ltr'><strong>perpetuoque</strong></span> <span class='ocrx_word' id='word_1_99' title='bbox 1565 922 1717 946; x_wconf 82' lang='lat' dir='ltr'><strong>manere.</strong></span> <span class='ocrx_word' id='word_1_100' title='bbox 1765 912 1830 946; x_wconf 86' lang='lat' dir='ltr'><strong>Sin</strong></span> 
     </span>
     <span class='ocr_line' id='line_1_11' title="bbox 494 964 1837 1009; baseline 0.002 -11"><span class='ocrx_word' id='word_1_101' title='bbox 494 975 578 998; x_wconf 83' lang='lat' dir='ltr'><strong>vero</strong></span> <span class='ocrx_word' id='word_1_102' title='bbox 593 964 647 998; x_wconf 89' lang='lat' dir='ltr'><strong>illi</strong></span> <span class='ocrx_word' id='word_1_103' title='bbox 662 964 735 998; x_wconf 73' lang='lat' dir='ltr'><strong>iem</strong></span> <span class='ocrx_word' id='word_1_104' title='bbox 750 964 824 999; x_wconf 79' lang='lat' dir='ltr'><strong>vlla</strong></span> <span class='ocrx_word' id='word_1_105' title='bbox 839 975 911 999; x_wconf 90' lang='lat' dir='ltr'><strong>non</strong></span> <span class='ocrx_word' id='word_1_106' title='bbox 926 964 1003 999; x_wconf 87' lang='lat' dir='ltr'><strong>dico</strong></span> <span class='ocrx_word' id='word_1_107' title='bbox 1019 964 1130 1007; x_wconf 76' lang='lat' dir='ltr'><strong>culpa,</strong></span> <span class='ocrx_word' id='word_1_108' title='bbox 1145 975 1251 1009; x_wconf 76' lang='lat' dir='ltr'><strong>quam</strong></span> <span class='ocrx_word' id='word_1_109' title='bbox 1264 975 1286 999; x_wconf 79' lang='lat' dir='ltr'><strong>a</strong></span> <span class='ocrx_word' id='word_1_110' title='bbox 1296 975 1354 998; x_wconf 91' lang='lat' dir='ltr'><strong>me</strong></span> <span class='ocrx_word' id='word_1_111' title='bbox 1370 964 1489 999; x_wconf 81' lang='lat' dir='ltr'><strong>abesse</strong></span> <span class='ocrx_word' id='word_1_112' title='bbox 1503 964 1576 999; x_wconf 86' lang='lat' dir='ltr'><strong>scio</strong></span> <span class='ocrx_word' id='word_1_113' title='bbox 1591 966 1753 1009; x_wconf 77' lang='lat' dir='ltr'><strong>maxime,</strong></span> <span class='ocrx_word' id='word_1_114' title='bbox 1768 966 1837 1001; x_wconf 89' lang='lat' dir='ltr'><strong>sed&#39;</strong></span> 
     </span>
     <span class='ocr_line' id='line_1_12' title="bbox 495 1019 1825 1065; baseline 0.002 -13"><span class='ocrx_word' id='word_1_115' title='bbox 495 1019 618 1063; x_wconf 86' lang='lat' dir='ltr'><strong>culpae</strong></span> <span class='ocrx_word' id='word_1_116' title='bbox 631 1019 831 1062; x_wconf 76' lang='lat' dir='ltr'><strong>suspicione</strong></span> <span class='ocrx_word' id='word_1_117' title='bbox 846 1019 1018 1053; x_wconf 83' lang='lat' dir='ltr'><strong>alienatus</strong></span> <span class='ocrx_word' id='word_1_118' title='bbox 1032 1030 1123 1061; x_wconf 84' lang='lat' dir='ltr'><strong>sum,</strong></span> <span class='ocrx_word' id='word_1_119' title='bbox 1139 1019 1196 1053; x_wconf 81' lang='lat' dir='ltr'><strong>vel</strong></span> <span class='ocrx_word' id='word_1_120' title='bbox 1211 1030 1307 1053; x_wconf 85' lang='lat' dir='ltr'><strong>nunc</strong></span> <span class='ocrx_word' id='word_1_121' title='bbox 1321 1020 1442 1053; x_wconf 78' lang='lat' dir='ltr'><strong>nostre.</strong></span> <span class='ocrx_word' id='word_1_122' title='bbox 1456 1019 1662 1063; x_wconf 76' lang='lat' dir='ltr'><strong>purgatione</strong></span> <span class='ocrx_word' id='word_1_123' title='bbox 1676 1023 1825 1065; x_wconf 74' lang='lat' dir='ltr'><strong>accepta,</strong></span> 
     </span>
     <span class='ocr_line' id='line_1_13' title="bbox 495 1073 1827 1117; baseline 0 -8"><span class='ocrx_word' id='word_1_124' title='bbox 495 1073 636 1109; x_wconf 85' lang='lat' dir='ltr'><strong>obsecro</strong></span> <span class='ocrx_word' id='word_1_125' title='bbox 646 1075 691 1115; x_wconf 83' lang='lat' dir='ltr'><strong>te,</strong></span> <span class='ocrx_word' id='word_1_126' title='bbox 706 1073 751 1107; x_wconf 74' lang='lat' dir='ltr'><strong>ad</strong></span> <span class='ocrx_word' id='word_1_127' title='bbox 766 1073 949 1117; x_wconf 76' lang='lat' dir='ltr'><strong>ingenim</strong></span> <span class='ocrx_word' id='word_1_128' title='bbox 961 1073 1051 1116; x_wconf 89' lang='lat' dir='ltr'><strong>redi;</strong></span> <span class='ocrx_word' id='word_1_129' title='bbox 1071 1084 1157 1107; x_wconf 83' lang='lat' dir='ltr'><strong>exue</strong></span> <span class='ocrx_word' id='word_1_130' title='bbox 1169 1074 1348 1115; x_wconf 82' lang='lat' dir='ltr'><strong>Demeam,</strong></span> <span class='ocrx_word' id='word_1_131' title='bbox 1361 1084 1501 1107; x_wconf 75' lang='lat' dir='ltr'><strong>nix-sum</strong></span> <span class='ocrx_word' id='word_1_132' title='bbox 1509 1073 1695 1109; x_wconf 77' lang='lat' dir='ltr'><strong>Mitionem</strong></span> <span class='ocrx_word' id='word_1_133' title='bbox 1706 1075 1827 1109; x_wconf 87' lang='lat' dir='ltr'><strong>indue:</strong></span> 
     </span>
     <span class='ocr_line' id='line_1_14' title="bbox 494 1127 1828 1173; baseline 0.001 -12"><span class='ocrx_word' id='word_1_134' title='bbox 494 1129 532 1162; x_wconf 89' lang='lat' dir='ltr'><strong>et</strong></span> <span class='ocrx_word' id='word_1_135' title='bbox 556 1128 616 1172; x_wconf 86' lang='lat' dir='ltr'><strong>qui</strong></span> <span class='ocrx_word' id='word_1_136' title='bbox 641 1127 734 1162; x_wconf 84' lang='lat' dir='ltr'><strong>mihi</strong></span> <span class='ocrx_word' id='word_1_137' title='bbox 763 1127 976 1161; x_wconf 87' lang='lat' dir='ltr'><strong>difficillimis</strong></span> <span class='ocrx_word' id='word_1_138' title='bbox 1001 1127 1216 1171; x_wconf 79' lang='lat' dir='ltr'><strong>temporibus</strong></span> <span class='ocrx_word' id='word_1_139' title='bbox 1244 1127 1361 1171; x_wconf 85' lang='lat' dir='ltr'><strong>(non)</strong></span> <span class='ocrx_word' id='word_1_140' title='bbox 1391 1128 1543 1171; x_wconf 72' lang='lat' dir='ltr'><strong>defuisti,</strong></span> <span class='ocrx_word' id='word_1_141' title='bbox 1572 1139 1667 1163; x_wconf 86' lang='lat' dir='ltr'><strong>nunc</strong></span> <span class='ocrx_word' id='word_1_142' title='bbox 1693 1139 1828 1173; x_wconf 86' lang='lat' dir='ltr'><strong>quoque</strong></span> 
     </span>
     <span class='ocr_line' id='line_1_15' title="bbox 445 1181 1829 1226; baseline 0.002 -12"><span class='ocrx_word' id='word_1_143' title='bbox 445 1192 480 1220; x_wconf 76' lang='lat'><strong>25</strong></span> <span class='ocrx_word' id='word_1_144' title='bbox 495 1182 645 1224; x_wconf 77' lang='lat' dir='ltr'><strong>fortuna,</strong></span> <span class='ocrx_word' id='word_1_145' title='bbox 661 1182 728 1216; x_wconf 89' lang='lat' dir='ltr'><strong>etsi</strong></span> <span class='ocrx_word' id='word_1_146' title='bbox 742 1192 815 1216; x_wconf 91' lang='lat' dir='ltr'><strong>non</strong></span> <span class='ocrx_word' id='word_1_147' title='bbox 826 1181 983 1223; x_wconf 86' lang='lat' dir='ltr'><strong>secunda,</strong></span> <span class='ocrx_word' id='word_1_148' title='bbox 997 1182 1136 1216; x_wconf 87' lang='lat' dir='ltr'><strong>mitiore</strong></span> <span class='ocrx_word' id='word_1_149' title='bbox 1146 1185 1268 1217; x_wconf 82' lang='lat' dir='ltr'><strong>tamen</strong></span> <span class='ocrx_word' id='word_1_150' title='bbox 1281 1182 1401 1225; x_wconf 76' lang='lat' dir='ltr'><strong>adsis,</strong></span> <span class='ocrx_word' id='word_1_151' title='bbox 1391 1195 1400 1203; x_wconf 93' lang='lat'>·</span> <span class='ocrx_word' id='word_1_152' title='bbox 1423 1182 1542 1217; x_wconf 83' lang='lat' dir='ltr'><strong>adesse</strong></span> <span class='ocrx_word' id='word_1_153' title='bbox 1555 1184 1673 1217; x_wconf 78' lang='lat' dir='ltr'><strong>autem</strong></span> <span class='ocrx_word' id='word_1_154' title='bbox 1684 1183 1829 1226; x_wconf 87' lang='lat' dir='ltr'><strong>propius</strong></span> 
     </span>
     <span class='ocr_line' id='line_1_16' title="bbox 495 1236 1824 1281; baseline 0.002 -11"><span class='ocrx_word' id='word_1_155' title='bbox 495 1236 595 1271; x_wconf 80' lang='lat' dir='ltr'><strong>nulla</strong></span> <span class='ocrx_word' id='word_1_156' title='bbox 614 1236 684 1270; x_wconf 78' lang='lat' dir='ltr'><strong>alia</strong></span> <span class='ocrx_word' id='word_1_157' title='bbox 705 1247 743 1270; x_wconf 84' lang='lat' dir='ltr'><strong>re</strong></span> <span class='ocrx_word' id='word_1_158' title='bbox 760 1238 868 1280; x_wconf 88' lang='lat' dir='ltr'><strong>potes,</strong></span> <span class='ocrx_word' id='word_1_159' title='bbox 886 1236 1167 1281; x_wconf 78' lang='lat' dir='ltr'><strong>quandoquidem</strong></span> <span class='ocrx_word' id='word_1_160' title='bbox 1189 1247 1372 1281; x_wconf 86' lang='lat' dir='ltr'><strong>corporum</strong></span> <span class='ocrx_word' id='word_1_161' title='bbox 1390 1236 1573 1272; x_wconf 87' lang='lat' dir='ltr'><strong>conuictus</strong></span> <span class='ocrx_word' id='word_1_162' title='bbox 1594 1240 1742 1281; x_wconf 79' lang='lat' dir='ltr'><strong>negatus</strong></span> <span class='ocrx_word' id='word_1_163' title='bbox 1761 1240 1824 1280; x_wconf 83' lang='lat' dir='ltr'><strong>est,</strong></span> 
     </span>
     <span class='ocr_line' id='line_1_17' title="bbox 495 1290 1828 1336; baseline 0.002 -12"><span class='ocrx_word' id='word_1_164' title='bbox 495 1290 564 1324; x_wconf 89' lang='lat' dir='ltr'><strong>nisi</strong></span> <span class='ocrx_word' id='word_1_165' title='bbox 579 1291 650 1324; x_wconf 84' lang='lat' dir='ltr'><strong>tuis</strong></span> <span class='ocrx_word' id='word_1_166' title='bbox 667 1290 874 1324; x_wconf 82' lang='lat' dir='ltr'><strong>creberrime</strong></span> <span class='ocrx_word' id='word_1_167' title='bbox 888 1291 931 1325; x_wconf 76' lang='lat' dir='ltr'><strong>ad</strong></span> <span class='ocrx_word' id='word_1_168' title='bbox 947 1302 1012 1326; x_wconf 88' lang='lat' dir='ltr'><strong>nos</strong></span> <span class='ocrx_word' id='word_1_169' title='bbox 1031 1291 1122 1325; x_wconf 85' lang='lat' dir='ltr'><strong>datis</strong></span> <span class='ocrx_word' id='word_1_170' title='bbox 1137 1291 1301 1335; x_wconf 87' lang='lat' dir='ltr'><strong>epistolis.</strong></span> <span class='ocrx_word' id='word_1_171' title='bbox 1351 1291 1395 1326; x_wconf 88' lang='lat' dir='ltr'><strong>Id</strong></span> <span class='ocrx_word' id='word_1_172' title='bbox 1410 1291 1526 1336; x_wconf 79' lang='lat' dir='ltr'><strong>itaque</strong></span> <span class='ocrx_word' id='word_1_173' title='bbox 1545 1292 1577 1326; x_wconf 87' lang='lat' dir='ltr'><strong>si</strong></span> <span class='ocrx_word' id='word_1_174' title='bbox 1596 1293 1735 1335; x_wconf 73' lang='lat' dir='ltr'><strong>cumis,</strong></span> <span class='ocrx_word' id='word_1_175' title='bbox 1754 1294 1828 1327; x_wconf 78' lang='lat' dir='ltr'><strong>tam</strong></span> 
     </span>
     <span class='ocr_line' id='line_1_18' title="bbox 495 1345 1617 1390; baseline 0.003 -11"><span class='ocrx_word' id='word_1_176' title='bbox 495 1347 594 1389; x_wconf 84' lang='lat' dir='ltr'><strong>grato</strong></span> <span class='ocrx_word' id='word_1_177' title='bbox 609 1356 667 1379; x_wconf 86' lang='lat' dir='ltr'><strong>me</strong></span> <span class='ocrx_word' id='word_1_178' title='bbox 681 1345 847 1379; x_wconf 84' lang='lat' dir='ltr'><strong>beneficio</strong></span> <span class='ocrx_word' id='word_1_179' title='bbox 862 1345 1017 1379; x_wconf 85' lang='lat' dir='ltr'><strong>affeceris</strong></span> <span class='ocrx_word' id='word_1_180' title='bbox 1031 1348 1072 1380; x_wconf 85' lang='lat' dir='ltr'><strong>vt</strong></span> <span class='ocrx_word' id='word_1_181' title='bbox 1086 1356 1228 1389; x_wconf 82' lang='lat' dir='ltr'><strong>prorsus</strong></span> <span class='ocrx_word' id='word_1_182' title='bbox 1241 1346 1393 1390; x_wconf 84' lang='lat' dir='ltr'><strong>gratiore</strong></span> <span class='ocrx_word' id='word_1_183' title='bbox 1408 1357 1478 1381; x_wconf 85' lang='lat' dir='ltr'><strong>non</strong></span> <span class='ocrx_word' id='word_1_184' title='bbox 1494 1347 1617 1389; x_wconf 84' lang='lat' dir='ltr'><strong>possis.</strong></span> 
     </span>
     <span class='ocr_line' id='line_1_19' title="bbox 541 1400 1829 1446; baseline 0.002 -12"><span class='ocrx_word' id='word_1_185' title='bbox 541 1400 579 1434; x_wconf 81' lang='lat' dir='ltr'><strong>Si</strong></span> <span class='ocrx_word' id='word_1_186' title='bbox 594 1400 677 1444; x_wconf 86' lang='lat' dir='ltr'><strong>quid</strong></span> <span class='ocrx_word' id='word_1_187' title='bbox 693 1400 836 1434; x_wconf 82' lang='lat' dir='ltr'><strong>actitem</strong></span> <span class='ocrx_word' id='word_1_188' title='bbox 861 1400 1027 1434; x_wconf 80' lang='lat' dir='ltr'><strong>audiendi</strong></span> <span class='ocrx_word' id='word_1_189' title='bbox 1044 1400 1189 1444; x_wconf 88' lang='lat' dir='ltr'><strong>cupidus</strong></span> <span class='ocrx_word' id='word_1_190' title='bbox 1204 1411 1250 1443; x_wconf 85' lang='lat' dir='ltr'><strong>es,</strong></span> <span class='ocrx_word' id='word_1_191' title='bbox 1270 1402 1306 1434; x_wconf 80' lang='lat' dir='ltr'><strong>te</strong></span> <span class='ocrx_word' id='word_1_192' title='bbox 1326 1402 1388 1434; x_wconf 88' lang='lat' dir='ltr'><strong>tuo</strong></span> <span class='ocrx_word' id='word_1_193' title='bbox 1407 1400 1533 1434; x_wconf 85' lang='lat' dir='ltr'><strong>merito</strong></span> <span class='ocrx_word' id='word_1_194' title='bbox 1549 1412 1710 1436; x_wconf 74' lang='lat' dir='ltr'><strong>amemus</strong></span> <span class='ocrx_word' id='word_1_195' title='bbox 1724 1413 1829 1446; x_wconf 84' lang='lat' dir='ltr'><strong>quam</strong></span> 
     </span>
     <span class='ocr_line' id='line_1_20' title="bbox 446 1455 1829 1499; baseline 0.003 -12"><span class='ocrx_word' id='word_1_196' title='bbox 446 1465 482 1493; x_wconf 79' lang='lat'><strong>30</strong></span> <span class='ocrx_word' id='word_1_197' title='bbox 495 1455 646 1489; x_wconf 78' lang='lat' dir='ltr'><strong>maxime</strong></span> <span class='ocrx_word' id='word_1_198' title='bbox 660 1467 670 1498; x_wconf 86' lang='lat'>;</span> <span class='ocrx_word' id='word_1_199' title='bbox 694 1457 729 1489; x_wconf 84' lang='lat' dir='ltr'><strong>te</strong></span> <span class='ocrx_word' id='word_1_200' title='bbox 745 1466 812 1498; x_wconf 86' lang='lat' dir='ltr'><strong>ore,</strong></span> <span class='ocrx_word' id='word_1_201' title='bbox 830 1457 867 1489; x_wconf 85' lang='lat' dir='ltr'><strong>te</strong></span> <span class='ocrx_word' id='word_1_202' title='bbox 881 1457 1001 1489; x_wconf 84' lang='lat' dir='ltr'><strong>animo</strong></span> <span class='ocrx_word' id='word_1_203' title='bbox 1015 1455 1183 1498; x_wconf 85' lang='lat' dir='ltr'><strong>ferimus;</strong></span> <span class='ocrx_word' id='word_1_204' title='bbox 1206 1457 1242 1489; x_wconf 85' lang='lat' dir='ltr'><strong>te</strong></span> <span class='ocrx_word' id='word_1_205' title='bbox 1264 1455 1467 1499; x_wconf 77' lang='lat' dir='ltr'><strong>cogitamus,</strong></span> <span class='ocrx_word' id='word_1_206' title='bbox 1485 1458 1522 1489; x_wconf 89' lang='lat' dir='ltr'><strong>te</strong></span> <span class='ocrx_word' id='word_1_207' title='bbox 1542 1456 1767 1499; x_wconf 74' lang='lat' dir='ltr'><strong>somniamus,</strong></span> <span class='ocrx_word' id='word_1_208' title='bbox 1786 1458 1829 1491; x_wconf 88' lang='lat' dir='ltr'><strong>de</strong></span> 
     </span>
     <span class='ocr_line' id='line_1_21' title="bbox 495 1508 1826 1553; baseline 0.003 -12"><span class='ocrx_word' id='word_1_209' title='bbox 495 1510 530 1542; x_wconf 89' lang='lat' dir='ltr'><strong>te</strong></span> <span class='ocrx_word' id='word_1_210' title='bbox 546 1508 646 1542; x_wconf 89' lang='lat' dir='ltr'><strong>nobis</strong></span> <span class='ocrx_word' id='word_1_211' title='bbox 660 1509 912 1553; x_wconf 68' lang='lat' dir='ltr'><strong>frequenscum</strong></span> <span class='ocrx_word' id='word_1_212' title='bbox 923 1509 1043 1544; x_wconf 81' lang='lat' dir='ltr'><strong>amicis</strong></span> <span class='ocrx_word' id='word_1_213' title='bbox 1055 1521 1168 1543; x_wconf 89' lang='lat' dir='ltr'><strong>sermo</strong></span> <span class='ocrx_word' id='word_1_214' title='bbox 1183 1512 1257 1551; x_wconf 54' lang='grc' dir='ltr'><strong>θεῖς</strong></span> <span class='ocrx_word' id='word_1_215' title='bbox 1281 1520 1407 1543; x_wconf 83' lang='lat' dir='ltr'><strong>verum</strong></span> <span class='ocrx_word' id='word_1_216' title='bbox 1422 1518 1503 1543; x_wconf 81' lang='lat' dir='ltr'><strong>cum</strong></span> <span class='ocrx_word' id='word_1_217' title='bbox 1514 1509 1656 1544; x_wconf 88' lang='lat' dir='ltr'><strong>nemine</strong></span> <span class='ocrx_word' id='word_1_218' title='bbox 1668 1510 1826 1553; x_wconf 85' lang='lat' dir='ltr'><strong>crebrior,</strong></span> 
     </span>
     <span class='ocr_line' id='line_1_22' title="bbox 495 1562 1824 1608; baseline 0.002 -13"><span class='ocrx_word' id='word_1_219' title='bbox 495 1562 696 1597; x_wconf 75' lang='lat' dir='ltr'><strong>familiarior</strong></span> <span class='ocrx_word' id='word_1_220' title='bbox 716 1565 821 1608; x_wconf 81' lang='lat' dir='ltr'><strong>atque</strong></span> <span class='ocrx_word' id='word_1_221' title='bbox 840 1563 1021 1598; x_wconf 87' lang='lat' dir='ltr'><strong>iocundior</strong></span> <span class='ocrx_word' id='word_1_222' title='bbox 1040 1575 1146 1608; x_wconf 73' lang='lat' dir='ltr'><strong>quam</strong></span> <span class='ocrx_word' id='word_1_223' title='bbox 1166 1575 1248 1598; x_wconf 85' lang='lat' dir='ltr'><strong>cum</strong></span> <span class='ocrx_word' id='word_1_224' title='bbox 1268 1563 1428 1598; x_wconf 77' lang='lat' dir='ltr'><strong>Seruatio</strong></span> <span class='ocrx_word' id='word_1_225' title='bbox 1450 1564 1674 1598; x_wconf 72' lang='lat' dir='ltr'><strong>conten-aueo</strong></span> <span class='ocrx_word' id='word_1_226' title='bbox 1695 1567 1824 1608; x_wconf 83' lang='lat' dir='ltr'><strong>nostro,</strong></span> 
     </span>
     <span class='ocr_line' id='line_1_23' title="bbox 494 1617 1825 1665; baseline 0.003 -15"><span class='ocrx_word' id='word_1_227' title='bbox 494 1617 711 1651; x_wconf 66' lang='lat' dir='ltr'><strong>adolescente</strong></span> <span class='ocrx_word' id='word_1_228' title='bbox 733 1628 791 1652; x_wconf 88' lang='lat' dir='ltr'><strong>me</strong></span> <span class='ocrx_word' id='word_1_229' title='bbox 812 1618 953 1652; x_wconf 79' lang='lat' dir='ltr'><strong>hercule</strong></span> <span class='ocrx_word' id='word_1_230' title='bbox 975 1619 1095 1653; x_wconf 85' lang='lat' dir='ltr'><strong>indole</strong></span> <span class='ocrx_word' id='word_1_231' title='bbox 1120 1618 1357 1662; x_wconf 85' lang='lat' dir='ltr'><strong>pulcherrima</strong></span> <span class='ocrx_word' id='word_1_232' title='bbox 1378 1618 1584 1665; x_wconf 71' lang='lat' dir='ltr'><strong>ingenioque</strong></span> <span class='ocrx_word' id='word_1_233' title='bbox 1606 1619 1825 1662; x_wconf 82' lang='lat' dir='ltr'><strong>suauissimo,</strong></span> 
     </span>
     <span class='ocr_line' id='line_1_24' title="bbox 495 1672 1828 1717; baseline 0.002 -12"><span class='ocrx_word' id='word_1_234' title='bbox 495 1682 684 1716; x_wconf 80' lang='lat' dir='ltr'><strong>earumque</strong></span> <span class='ocrx_word' id='word_1_235' title='bbox 707 1672 981 1716; x_wconf 79' lang='lat' dir='ltr'><strong>disciplinarum,</strong></span> <span class='ocrx_word' id='word_1_236' title='bbox 1007 1685 1095 1717; x_wconf 83' lang='lat' dir='ltr'><strong>quae</strong></span> <span class='ocrx_word' id='word_1_237' title='bbox 1121 1684 1202 1707; x_wconf 88' lang='lat' dir='ltr'><strong>cum</strong></span> <span class='ocrx_word' id='word_1_238' title='bbox 1228 1684 1286 1707; x_wconf 89' lang='lat' dir='ltr'><strong>me</strong></span> <span class='ocrx_word' id='word_1_239' title='bbox 1312 1674 1391 1707; x_wconf 87' lang='lat' dir='ltr'><strong>tum</strong></span> <span class='ocrx_word' id='word_1_240' title='bbox 1419 1674 1454 1706; x_wconf 82' lang='lat' dir='ltr'><strong>te</strong></span> <span class='ocrx_word' id='word_1_241' title='bbox 1481 1684 1503 1706; x_wconf 96' lang='lat' dir='ltr'><strong>a</strong></span> <span class='ocrx_word' id='word_1_242' title='bbox 1529 1673 1647 1716; x_wconf 88' lang='lat' dir='ltr'><strong>pueris</strong></span> <span class='ocrx_word' id='word_1_243' title='bbox 1671 1675 1828 1717; x_wconf 75' lang='lat' dir='ltr'><strong>apprime</strong></span> 
     </span>
     <span class='ocr_line' id='line_1_25' title="bbox 447 1725 1827 1771; baseline 0.003 -12"><span class='ocrx_word' id='word_1_244' title='bbox 447 1735 480 1764; x_wconf 76' lang='lat'><strong>35</strong></span> <span class='ocrx_word' id='word_1_245' title='bbox 495 1725 719 1769; x_wconf 73' lang='lat' dir='ltr'><strong>delectarunt,</strong></span> <span class='ocrx_word' id='word_1_246' title='bbox 738 1726 1002 1761; x_wconf 85' lang='lat' dir='ltr'><strong>studiosissimo.</strong></span> <span class='ocrx_word' id='word_1_247' title='bbox 1044 1727 1115 1761; x_wconf 90' lang='lat' dir='ltr'><strong>Hic</strong></span> <span class='ocrx_word' id='word_1_248' title='bbox 1129 1728 1183 1762; x_wconf 89' lang='lat' dir='ltr'><strong>tui</strong></span> <span class='ocrx_word' id='word_1_249' title='bbox 1198 1727 1342 1763; x_wconf 78' lang='lat' dir='ltr'><strong>videndi</strong></span> <span class='ocrx_word' id='word_1_250' title='bbox 1357 1727 1604 1770; x_wconf 82' lang='lat' dir='ltr'><strong>cupidissimus</strong></span> <span class='ocrx_word' id='word_1_251' title='bbox 1618 1729 1680 1762; x_wconf 88' lang='lat' dir='ltr'><strong>est.</strong></span> <span class='ocrx_word' id='word_1_252' title='bbox 1728 1729 1827 1771; x_wconf 82' lang='lat' dir='ltr'><strong>Quod</strong></span> 
     </span>
     <span class='ocr_line' id='line_1_26' title="bbox 494 1781 1829 1826; baseline 0.001 -10"><span class='ocrx_word' id='word_1_253' title='bbox 494 1782 525 1816; x_wconf 88' lang='lat' dir='ltr'><strong>si</strong></span> <span class='ocrx_word' id='word_1_254' title='bbox 548 1783 584 1816; x_wconf 87' lang='lat' dir='ltr'><strong>te</strong></span> <span class='ocrx_word' id='word_1_255' title='bbox 609 1783 653 1816; x_wconf 75' lang='lat' dir='ltr'><strong>ad</strong></span> <span class='ocrx_word' id='word_1_256' title='bbox 680 1793 745 1816; x_wconf 85' lang='lat' dir='ltr'><strong>nos</strong></span> <span class='ocrx_word' id='word_1_257' title='bbox 770 1782 979 1826; x_wconf 88' lang='lat' dir='ltr'><strong>propediem,</strong></span> <span class='ocrx_word' id='word_1_258' title='bbox 1003 1783 1043 1817; x_wconf 84' lang='lat' dir='ltr'><strong>vt</strong></span> <span class='ocrx_word' id='word_1_259' title='bbox 1065 1794 1174 1826; x_wconf 85' lang='lat' dir='ltr'><strong>spero,</strong></span> <span class='ocrx_word' id='word_1_260' title='bbox 1193 1782 1371 1825; x_wconf 78' lang='lat' dir='ltr'><strong>receperis,</strong></span> <span class='ocrx_word' id='word_1_261' title='bbox 1388 1783 1444 1816; x_wconf 77' lang='lat' dir='ltr'><strong>sst</strong></span> <span class='ocrx_word' id='word_1_262' title='bbox 1467 1781 1539 1816; x_wconf 83' lang='lat' dir='ltr'><strong>scio</strong></span> <span class='ocrx_word' id='word_1_263' title='bbox 1565 1781 1729 1816; x_wconf 89' lang='lat' dir='ltr'><strong>iuuenem</strong></span> <span class='ocrx_word' id='word_1_264' title='bbox 1756 1794 1829 1817; x_wconf 92' lang='lat' dir='ltr'><strong>non</strong></span> 
     </span>
     <span class='ocr_line' id='line_1_27' title="bbox 494 1836 1828 1881; baseline 0 -10"><span class='ocrx_word' id='word_1_265' title='bbox 494 1837 596 1871; x_wconf 90' lang='lat' dir='ltr'><strong>modo</strong></span> <span class='ocrx_word' id='word_1_266' title='bbox 618 1838 679 1871; x_wconf 84' lang='lat' dir='ltr'><strong>tua</strong></span> <span class='ocrx_word' id='word_1_267' title='bbox 700 1837 855 1871; x_wconf 80' lang='lat' dir='ltr'><strong>amicitia</strong></span> <span class='ocrx_word' id='word_1_268' title='bbox 877 1837 1024 1881; x_wconf 84' lang='lat' dir='ltr'><strong>dignum</strong></span> <span class='ocrx_word' id='word_1_269' title='bbox 1044 1836 1222 1879; x_wconf 86' lang='lat' dir='ltr'><strong>iudicabis,</strong></span> <span class='ocrx_word' id='word_1_270' title='bbox 1239 1847 1363 1871; x_wconf 88' lang='lat' dir='ltr'><strong>verum</strong></span> <span class='ocrx_word' id='word_1_271' title='bbox 1378 1837 1486 1870; x_wconf 79' lang='lat' dir='ltr'><strong>etism</strong></span> <span class='ocrx_word' id='word_1_272' title='bbox 1505 1836 1598 1871; x_wconf 87' lang='lat' dir='ltr'><strong>mihi</strong></span> <span class='ocrx_word' id='word_1_273' title='bbox 1611 1837 1713 1871; x_wconf 84' lang='lat' dir='ltr'><strong>fratri</strong></span> <span class='ocrx_word' id='word_1_274' title='bbox 1726 1838 1828 1871; x_wconf 87' lang='lat' dir='ltr'><strong>facile</strong></span> 
     </span>
     <span class='ocr_line' id='line_1_28' title="bbox 494 1891 1827 1936; baseline -0.001 -10"><span class='ocrx_word' id='word_1_275' title='bbox 494 1891 700 1926; x_wconf 80' lang='lat' dir='ltr'><strong>antetuleris</strong></span> <span class='ocrx_word' id='word_1_276' title='bbox 716 1905 724 1934; x_wconf 92' lang='grc'><strong>;</strong></span> <span class='ocrx_word' id='word_1_277' title='bbox 747 1892 921 1936; x_wconf 88' lang='lat' dir='ltr'><strong>siquidem</strong></span> <span class='ocrx_word' id='word_1_278' title='bbox 936 1893 1042 1936; x_wconf 87' lang='lat' dir='ltr'><strong>probe</strong></span> <span class='ocrx_word' id='word_1_279' title='bbox 1057 1894 1093 1925; x_wconf 85' lang='lat' dir='ltr'><strong>et</strong></span> <span class='ocrx_word' id='word_1_280' title='bbox 1106 1894 1205 1925; x_wconf 73' lang='lat' dir='ltr'><strong>tuam</strong></span> <span class='ocrx_word' id='word_1_281' title='bbox 1219 1891 1477 1925; x_wconf 70' lang='lat' dir='ltr'><strong>humanitatem</strong></span> <span class='ocrx_word' id='word_1_282' title='bbox 1492 1892 1528 1925; x_wconf 88' lang='lat' dir='ltr'><strong>et</strong></span> <span class='ocrx_word' id='word_1_283' title='bbox 1543 1891 1643 1925; x_wconf 82' lang='lat' dir='ltr'><strong>illius</strong></span> <span class='ocrx_word' id='word_1_284' title='bbox 1656 1891 1827 1926; x_wconf 78' lang='lat' dir='ltr'><strong>virtutem</strong></span> 
     </span>
     <span class='ocr_line' id='line_1_29' title="bbox 495 1945 1827 1987; baseline 0.001 -8"><span class='ocrx_word' id='word_1_285' title='bbox 495 1946 588 1980; x_wconf 88' lang='lat' dir='ltr'><strong>noui.</strong></span> <span class='ocrx_word' id='word_1_286' title='bbox 634 1946 672 1979; x_wconf 84' lang='lat' dir='ltr'><strong>Is</strong></span> <span class='ocrx_word' id='word_1_287' title='bbox 688 1947 784 1981; x_wconf 87' lang='lat' dir='ltr'><strong>enim</strong></span> <span class='ocrx_word' id='word_1_288' title='bbox 799 1948 854 1981; x_wconf 84' lang='lat' dir='ltr'><strong>est</strong></span> <span class='ocrx_word' id='word_1_289' title='bbox 867 1949 908 1981; x_wconf 83' lang='lat' dir='ltr'><strong>vt</strong></span> <span class='ocrx_word' id='word_1_290' title='bbox 923 1958 1027 1981; x_wconf 89' lang='lat' dir='ltr'><strong>nemo</strong></span> <span class='ocrx_word' id='word_1_291' title='bbox 1046 1946 1150 1980; x_wconf 90' lang='lat' dir='ltr'><strong>illum</strong></span> <span class='ocrx_word' id='word_1_292' title='bbox 1168 1957 1240 1980; x_wconf 90' lang='lat' dir='ltr'><strong>non</strong></span> <span class='ocrx_word' id='word_1_293' title='bbox 1255 1946 1358 1980; x_wconf 83' lang='lat' dir='ltr'><strong>amet.</strong></span> <span class='ocrx_word' id='word_1_294' title='bbox 1406 1945 1641 1987; x_wconf 71' lang='lat' dir='ltr'><strong>Quamobrem</strong></span> <span class='ocrx_word' id='word_1_295' title='bbox 1657 1946 1827 1981; x_wconf 87' lang='lat' dir='ltr'><strong>maiorem</strong></span> 
     </span>
     <span class='ocr_line' id='line_1_30' title="bbox 444 2000 1827 2044; baseline 0.001 -11"><span class='ocrx_word' id='word_1_296' title='bbox 444 2014 481 2042; x_wconf 77' lang='lat'><strong>40</strong></span> <span class='ocrx_word' id='word_1_297' title='bbox 496 2001 533 2034; x_wconf 90' lang='lat' dir='ltr'><strong>in</strong></span> <span class='ocrx_word' id='word_1_298' title='bbox 564 2000 707 2034; x_wconf 91' lang='lat' dir='ltr'><strong>modum</strong></span> <span class='ocrx_word' id='word_1_299' title='bbox 738 2013 759 2035; x_wconf 87' lang='lat' dir='ltr'><strong>a</strong></span> <span class='ocrx_word' id='word_1_300' title='bbox 789 2003 824 2035; x_wconf 84' lang='lat' dir='ltr'><strong>te</strong></span> <span class='ocrx_word' id='word_1_301' title='bbox 853 2003 934 2044; x_wconf 86' lang='lat' dir='ltr'><strong>peto</strong></span> <span class='ocrx_word' id='word_1_302' title='bbox 964 2003 1004 2035; x_wconf 81' lang='lat' dir='ltr'><strong>vt</strong></span> <span class='ocrx_word' id='word_1_303' title='bbox 1037 2000 1218 2036; x_wconf 78' lang='lat' dir='ltr'><strong>quenalis</strong></span> <span class='ocrx_word' id='word_1_304' title='bbox 1247 2000 1396 2044; x_wconf 74' lang='lat' dir='ltr'><strong>Saty-ras,</strong></span> <span class='ocrx_word' id='word_1_305' title='bbox 1431 2011 1517 2044; x_wconf 81' lang='lat' dir='ltr'><strong>quas</strong></span> <span class='ocrx_word' id='word_1_306' title='bbox 1547 2000 1679 2044; x_wconf 86' lang='lat' dir='ltr'><strong>pusillo</strong></span> <span class='ocrx_word' id='word_1_307' title='bbox 1710 2001 1827 2035; x_wconf 89' lang='lat' dir='ltr'><strong>codice</strong></span> 
     </span>
     <span class='ocr_line' id='line_1_31' title="bbox 496 2054 1828 2098; baseline 0.001 -11"><span class='ocrx_word' id='word_1_308' title='bbox 496 2054 682 2097; x_wconf 77' lang='lat' dir='ltr'><strong>descriptas</strong></span> <span class='ocrx_word' id='word_1_309' title='bbox 705 2054 819 2097; x_wconf 83' lang='lat' dir='ltr'><strong>habes,</strong></span> <span class='ocrx_word' id='word_1_310' title='bbox 838 2056 891 2090; x_wconf 88' lang='lat' dir='ltr'><strong>illi</strong></span> <span class='ocrx_word' id='word_1_311' title='bbox 914 2056 1120 2090; x_wconf 84' lang='lat' dir='ltr'><strong>commodes.</strong></span> <span class='ocrx_word' id='word_1_312' title='bbox 1167 2055 1290 2089; x_wconf 81' lang='lat' dir='ltr'><strong>Fidem</strong></span> <span class='ocrx_word' id='word_1_313' title='bbox 1310 2055 1408 2096; x_wconf 82' lang='lat' dir='ltr'><strong>habe,</strong></span> <span class='ocrx_word' id='word_1_314' title='bbox 1432 2055 1483 2090; x_wconf 84' lang='lat' dir='ltr'><strong>mi</strong></span> <span class='ocrx_word' id='word_1_315' title='bbox 1506 2055 1618 2097; x_wconf 89' lang='lat' dir='ltr'><strong>Petre,</strong></span> <span class='ocrx_word' id='word_1_316' title='bbox 1643 2066 1828 2098; x_wconf 78' lang='lat' dir='ltr'><strong>nunquam</strong></span> 
     </span>
     <span class='ocr_line' id='line_1_32' title="bbox 495 2108 1829 2152; baseline 0 -10"><span class='ocrx_word' id='word_1_317' title='bbox 495 2108 621 2142; x_wconf 82' lang='lat' dir='ltr'><strong>rectius</strong></span> <span class='ocrx_word' id='word_1_318' title='bbox 651 2109 859 2143; x_wconf 85' lang='lat' dir='ltr'><strong>beneficium</strong></span> <span class='ocrx_word' id='word_1_319' title='bbox 895 2111 1136 2145; x_wconf 79' lang='lat' dir='ltr'><strong>collocaueris:</strong></span> <span class='ocrx_word' id='word_1_320' title='bbox 1182 2110 1312 2143; x_wconf 86' lang='lat' dir='ltr'><strong>senties</strong></span> <span class='ocrx_word' id='word_1_321' title='bbox 1342 2109 1523 2143; x_wconf 89' lang='lat' dir='ltr'><strong>hominem</strong></span> <span class='ocrx_word' id='word_1_322' title='bbox 1556 2111 1592 2143; x_wconf 88' lang='lat' dir='ltr'><strong>et</strong></span> <span class='ocrx_word' id='word_1_323' title='bbox 1621 2110 1761 2152; x_wconf 76' lang='lat' dir='ltr'><strong>gratum</strong></span> <span class='ocrx_word' id='word_1_324' title='bbox 1791 2112 1829 2143; x_wconf 87' lang='lat' dir='ltr'><strong>et</strong></span> 
     </span>
     <span class='ocr_line' id='line_1_33' title="bbox 496 2164 1302 2206; baseline 0.001 -10"><span class='ocrx_word' id='word_1_325' title='bbox 496 2174 695 2197; x_wconf 85' lang='lat' dir='ltr'><strong>memorem.</strong></span> <span class='ocrx_word' id='word_1_326' title='bbox 741 2164 837 2206; x_wconf 81' lang='lat' dir='ltr'><strong>Vale,</strong></span> <span class='ocrx_word' id='word_1_327' title='bbox 857 2164 907 2198; x_wconf 90' lang='lat' dir='ltr'><strong>mi</strong></span> <span class='ocrx_word' id='word_1_328' title='bbox 923 2165 1172 2200; x_wconf 87' lang='lat' dir='ltr'><strong>iucundissime</strong></span> <span class='ocrx_word' id='word_1_329' title='bbox 1187 2165 1302 2198; x_wconf 79' lang='lat' dir='ltr'><strong>frater.</strong></span> 
     </span>
    </p>
   </div>
   <div class='ocr_carea' id='block_1_3' title="bbox 494 2247 1829 2313">
    <p class='ocr_par' dir='ltr' id='par_1_3' title="bbox 494 2247 1829 2313">
     <span class='ocr_line' id='line_1_34' title="bbox 494 2247 1829 2312; baseline 0.001 -36"><span class='ocrx_word' id='word_1_330' title='bbox 494 2285 515 2312; x_wconf 71' lang='lat' dir='ltr'><strong>d</strong></span> <span class='ocrx_word' id='word_1_331' title='bbox 532 2248 758 2312; x_wconf 53' lang='lat' dir='ltr'><strong>ffi·¹}¹iL&#39;}3⁷W’</strong></span> <span class='ocrx_word' id='word_1_332' title='bbox 776 2250 829 2278; x_wconf 89' lang='lat' dir='ltr'><strong>ille</strong></span> <span class='ocrx_word' id='word_1_333' title='bbox 844 2250 883 2279; x_wconf 82' lang='lat'><strong>0¹.</strong></span> <span class='ocrx_word' id='word_1_334' title='bbox 1024 2260 1060 2285; x_wconf 81' lang='lat'><strong>24</strong></span> <span class='ocrx_word' id='word_1_335' title='bbox 1079 2250 1261 2286; x_wconf 80' lang='lat' dir='ltr'><strong>difficillimi,</strong></span> <span class='ocrx_word' id='word_1_336' title='bbox 1279 2250 1327 2278; x_wconf 73' lang='lat'><strong>0¹:</strong></span> <span class='ocrx_word' id='word_1_337' title='bbox 1345 2258 1408 2278; x_wconf 79' lang='lat' dir='ltr'><strong>corr.</strong></span> <span class='ocrx_word' id='word_1_338' title='bbox 1422 2252 1505 2277; x_wconf 81' lang='lat' dir='ltr'><strong>Lond-</strong></span> <span class='ocrx_word' id='word_1_339' title='bbox 1612 2247 1719 2286; x_wconf 80' lang='lat' dir='ltr'><strong>(nulla</strong></span> <span class='ocrx_word' id='word_1_340' title='bbox 1730 2250 1765 2277; x_wconf 87' lang='lat' dir='ltr'><strong>in</strong></span> <span class='ocrx_word' id='word_1_341' title='bbox 1777 2249 1829 2288; x_wconf 87' lang='lat' dir='ltr'><strong>re&gt;</strong></span> 
     </span>
     <span class='ocr_line' id='line_1_35' title="bbox 516 2293 687 2313; baseline 0.006 -1"><span class='ocrx_word' id='word_1_342' title='bbox 516 2293 533 2312; x_wconf 84' lang='lat' dir='ltr'><strong>e</strong></span> <span class='ocrx_word' id='word_1_343' title='bbox 568 2293 594 2312; x_wconf 72' lang='lat' dir='ltr'><strong>is</strong></span> <span class='ocrx_word' id='word_1_344' title='bbox 609 2293 620 2312; x_wconf 82' lang='lat'>1</span> <span class='ocrx_word' id='word_1_345' title='bbox 680 2307 687 2313; x_wconf 89' lang='lat'><strong>.</strong></span> 
     </span>
    </p>
   </div>
   <div class='ocr_carea' id='block_1_4' title="bbox 495 2377 1828 2816">
    <p class='ocr_par' dir='ltr' id='par_1_4' title="bbox 495 2377 1828 2525">
     <span class='ocr_line' id='line_1_36' title="bbox 530 2377 1828 2415; baseline -0.001 -8"><span class='ocrx_word' id='word_1_346' title='bbox 530 2388 576 2414; x_wconf 80' lang='lat'><strong>24.</strong></span> <span class='ocrx_word' id='word_1_347' title='bbox 595 2378 735 2415; x_wconf 70' lang='lat' dir='ltr'><strong>definisti]</strong></span> <span class='ocrx_word' id='word_1_348' title='bbox 780 2380 924 2408; x_wconf 81' lang='lat' dir='ltr'><strong>Leolerc’s</strong></span> <span class='ocrx_word' id='word_1_349' title='bbox 965 2380 1132 2408; x_wconf 83' lang='lat' dir='ltr'><strong>correction</strong></span> <span class='ocrx_word' id='word_1_350' title='bbox 1188 2378 1257 2406; x_wconf 85' lang='lat' dir='ltr'><strong>who</strong></span> <span class='ocrx_word' id='word_1_351' title='bbox 1270 2387 1326 2406; x_wconf 71' lang='lat' dir='ltr'><strong>cau</strong></span> <span class='ocrx_word' id='word_1_352' title='bbox 1340 2378 1414 2413; x_wconf 84' lang='lat' dir='ltr'><strong>only</strong></span> <span class='ocrx_word' id='word_1_353' title='bbox 1423 2378 1499 2406; x_wconf 77' lang='lat' dir='ltr'><strong>have</strong></span> <span class='ocrx_word' id='word_1_354' title='bbox 1511 2378 1588 2405; x_wconf 85' lang='lat' dir='ltr'><strong>been</strong></span> <span class='ocrx_word' id='word_1_355' title='bbox 1599 2377 1607 2392; x_wconf 83' lang='lat'><em>¹</em></span> <span class='ocrx_word' id='word_1_356' title='bbox 1616 2377 1774 2413; x_wconf 70' lang='lat' dir='ltr'><strong>magister·</strong></span> <span class='ocrx_word' id='word_1_357' title='bbox 1787 2378 1828 2414; x_wconf 79' lang='lat' dir='ltr'><strong>by</strong></span> 
     </span>
     <span class='ocr_line' id='line_1_37' title="bbox 495 2414 1823 2452; baseline -0.001 -9"><span class='ocrx_word' id='word_1_358' title='bbox 495 2424 592 2443; x_wconf 82' lang='lat' dir='ltr'><strong>seems</strong></span> <span class='ocrx_word' id='word_1_359' title='bbox 613 2417 838 2452; x_wconf 75' lang='lat' dir='ltr'><strong>unnecessarily</strong></span> <span class='ocrx_word' id='word_1_360' title='bbox 856 2416 981 2445; x_wconf 79' lang='lat' dir='ltr'><strong>forcible</strong></span> <span class='ocrx_word' id='word_1_361' title='bbox 1002 2417 1036 2444; x_wconf 91' lang='lat' dir='ltr'><strong>in</strong></span> <span class='ocrx_word' id='word_1_362' title='bbox 1054 2417 1133 2444; x_wconf 79' lang='lat' dir='ltr'><strong>view</strong></span> <span class='ocrx_word' id='word_1_363' title='bbox 1189 2416 1340 2450; x_wconf 74' lang='lat' dir='ltr'><strong>oourtesy3</strong></span> <span class='ocrx_word' id='word_1_364' title='bbox 1352 2415 1391 2442; x_wconf 86' lang='lat' dir='ltr'><strong>he</strong></span> <span class='ocrx_word' id='word_1_365' title='bbox 1400 2415 1426 2442; x_wconf 84' lang='lat' dir='ltr'><strong>is</strong></span> <span class='ocrx_word' id='word_1_366' title='bbox 1435 2416 1577 2442; x_wconf 63' lang='lat' dir='ltr'><strong>naamani</strong></span> <span class='ocrx_word' id='word_1_367' title='bbox 1585 2414 1667 2449; x_wconf 87' lang='lat' dir='ltr'><strong>here,</strong></span> <span class='ocrx_word' id='word_1_368' title='bbox 1678 2415 1823 2450; x_wconf 77' lang='lat' dir='ltr'><strong>however,</strong></span> 
     </span>
     <span class='ocr_line' id='line_1_38' title="bbox 495 2450 1828 2486; baseline -0.002 -7"><span class='ocrx_word' id='word_1_369' title='bbox 495 2453 529 2480; x_wconf 75' lang='grc' dir='ltr'><strong>οἰ</strong></span> <span class='ocrx_word' id='word_1_370' title='bbox 557 2452 669 2480; x_wconf 84' lang='lat' dir='ltr'><strong>Peter’s</strong></span> <span class='ocrx_word' id='word_1_371' title='bbox 693 2452 845 2481; x_wconf 77' lang='lat' dir='ltr'><strong>desertion</strong></span> <span class='ocrx_word' id='word_1_372' title='bbox 873 2454 907 2481; x_wconf 84' lang='lat' dir='ltr'><strong>in</strong></span> <span class='ocrx_word' id='word_1_373' title='bbox 932 2453 986 2481; x_wconf 82' lang='lat' dir='ltr'><strong>the</strong></span> <span class='ocrx_word' id='word_1_374' title='bbox 1015 2453 1132 2480; x_wconf 75' lang='lat' dir='ltr'><strong>contest</strong></span> <span class='ocrx_word' id='word_1_375' title='bbox 1189 2460 1221 2479; x_wconf 84' lang='lat' dir='ltr'><strong>as</strong></span> <span class='ocrx_word' id='word_1_376' title='bbox 1241 2451 1426 2479; x_wconf 71' lang='lat' dir='ltr'><strong>‘DomInua&#39;</strong></span> <span class='ocrx_word' id='word_1_377' title='bbox 1462 2450 1525 2478; x_wconf 79' lang='lat' dir='ltr'><strong>The</strong></span> <span class='ocrx_word' id='word_1_378' title='bbox 1543 2450 1603 2477; x_wconf 76' lang='lat' dir='ltr'><strong>MS.</strong></span> <span class='ocrx_word' id='word_1_379' title='bbox 1620 2458 1682 2478; x_wconf 80' lang='lat' dir='ltr'><strong>was</strong></span> <span class='ocrx_word' id='word_1_380' title='bbox 1699 2451 1828 2486; x_wconf 78' lang='lat' dir='ltr'><strong>perhaps</strong></span> 
     </span>
     <span class='ocr_line' id='line_1_39' title="bbox 495 2486 1827 2525; baseline -0.002 -9"><span class='ocrx_word' id='word_1_381' title='bbox 495 2490 573 2517; x_wconf 77' lang='lat' dir='ltr'><strong>with</strong></span> <span class='ocrx_word' id='word_1_382' title='bbox 586 2489 640 2517; x_wconf 84' lang='lat' dir='ltr'><strong>the</strong></span> <span class='ocrx_word' id='word_1_383' title='bbox 651 2489 822 2524; x_wconf 63' lang='lat' dir='ltr'><strong>guadiam.</strong></span> <span class='ocrx_word' id='word_1_384' title='bbox 862 2490 917 2518; x_wconf 82' lang='lat' dir='ltr'><strong>See</strong></span> <span class='ocrx_word' id='word_1_385' title='bbox 929 2490 1006 2525; x_wconf 77' lang='lat' dir='ltr'><strong>App.</strong></span> <span class='ocrx_word' id='word_1_386' title='bbox 1025 2498 1048 2517; x_wconf 82' lang='lat'><strong>1.</strong></span> <span class='ocrx_word' id='word_1_387' title='bbox 1188 2496 1245 2515; x_wconf 83' lang='lat' dir='ltr'><strong>one</strong></span> <span class='ocrx_word' id='word_1_388' title='bbox 1267 2487 1301 2514; x_wconf 78' lang='lat' dir='ltr'><strong>of</strong></span> <span class='ocrx_word' id='word_1_389' title='bbox 1322 2487 1408 2515; x_wconf 81' lang='lat' dir='ltr'><strong>those</strong></span> <span class='ocrx_word' id='word_1_390' title='bbox 1425 2488 1550 2514; x_wconf 81' lang='lat' dir='ltr'><strong>written</strong></span> <span class='ocrx_word' id='word_1_391' title='bbox 1570 2486 1611 2522; x_wconf 79' lang='lat' dir='ltr'><strong>by</strong></span> <span class='ocrx_word' id='word_1_392' title='bbox 1630 2487 1744 2514; x_wconf 74' lang='lat' dir='ltr'><strong>Gonni</strong></span> <span class='ocrx_word' id='word_1_393' title='bbox 1773 2488 1827 2514; x_wconf 80' lang='lat' dir='ltr'><strong>the</strong></span> 
     </span>
    </p>

    <p class='ocr_par' dir='ltr' id='par_1_5' title="bbox 530 2523 1828 2562">
     <span class='ocr_line' id='line_1_40' title="bbox 530 2523 1828 2562; baseline -0.003 -8"><span class='ocrx_word' id='word_1_394' title='bbox 530 2534 577 2561; x_wconf 76' lang='lat'><strong>3⁹·</strong></span> <span class='ocrx_word' id='word_1_395' title='bbox 597 2525 749 2562; x_wconf 80' lang='lat' dir='ltr'><strong>Seruatio]</strong></span> <span class='ocrx_word' id='word_1_396' title='bbox 762 2527 817 2554; x_wconf 90' lang='lat' dir='ltr'><strong>See</strong></span> <span class='ocrx_word' id='word_1_397' title='bbox 830 2526 926 2562; x_wconf 84' lang='lat' dir='ltr'><strong>Ep.4.</strong></span> <span class='ocrx_word' id='word_1_398' title='bbox 1187 2524 1301 2558; x_wconf 72' lang='lat' dir='ltr'><strong>sother,</strong></span> <span class='ocrx_word' id='word_1_399' title='bbox 1320 2523 1421 2552; x_wconf 86' lang='lat' dir='ltr'><strong>which</strong></span> <span class='ocrx_word' id='word_1_400' title='bbox 1446 2532 1528 2550; x_wconf 82' lang='lat' dir='ltr'><strong>seem</strong></span> <span class='ocrx_word' id='word_1_401' title='bbox 1553 2524 1584 2550; x_wconf 83' lang='lat' dir='ltr'><strong>to</strong></span> <span class='ocrx_word' id='word_1_402' title='bbox 1609 2523 1686 2550; x_wconf 74' lang='lat' dir='ltr'><strong>have</strong></span> <span class='ocrx_word' id='word_1_403' title='bbox 1710 2523 1828 2551; x_wconf 85' lang='lat' dir='ltr'><strong>formed</strong></span> 
     </span>
    </p>

    <p class='ocr_par' dir='ltr' id='par_1_6' title="bbox 495 2536 1828 2816">
     <span class='ocr_line' id='line_1_41' title="bbox 532 2536 1826 2599; baseline -0.002 -8.973"><span class='ocrx_word' id='word_1_404' title='bbox 532 2571 577 2597; x_wconf 80' lang='grc' dir='ltr'><strong>4.ο</strong></span> <span class='ocrx_word' id='word_1_405' title='bbox 597 2536 1028 2599; x_wconf 61' lang='lat' dir='ltr'><strong>quemlisunaletterfiom</strong></span> <span class='ocrx_word' id='word_1_406' title='bbox 1036 2562 1133 2590; x_wconf 75' lang='lat' dir='ltr'><strong>naar-</strong></span> <span class='ocrx_word' id='word_1_407' title='bbox 1189 2562 1256 2596; x_wconf 69' lang='lat' dir='ltr'><strong>part</strong></span> <span class='ocrx_word' id='word_1_408' title='bbox 1278 2560 1311 2588; x_wconf 82' lang='lat' dir='ltr'><strong>ot</strong></span> <span class='ocrx_word' id='word_1_409' title='bbox 1329 2560 1379 2588; x_wconf 86' lang='lat' dir='ltr'><strong>his</strong></span> <span class='ocrx_word' id='word_1_410' title='bbox 1398 2560 1477 2587; x_wconf 74' lang='lat' dir='ltr'><strong>sons·</strong></span> <span class='ocrx_word' id='word_1_411' title='bbox 1498 2559 1688 2595; x_wconf 67' lang='lat' dir='ltr'><strong>patrimonyg</strong></span> <span class='ocrx_word' id='word_1_412' title='bbox 1715 2561 1752 2588; x_wconf 73' lang='lat' dir='ltr'><strong>cf.</strong></span> <span class='ocrx_word' id='word_1_413' title='bbox 1772 2560 1826 2595; x_wconf 78' lang='lat' dir='ltr'><strong>Ep.</strong></span> 
     </span>
     <span class='ocr_line' id='line_1_42' title="bbox 495 2596 1827 2636; baseline 0 -12"><span class='ocrx_word' id='word_1_414' title='bbox 495 2598 598 2634; x_wconf 88' lang='lat' dir='ltr'><strong>lem,4</strong></span> <span class='ocrx_word' id='word_1_415' title='bbox 612 2598 808 2636; x_wconf 60' lang='lat' dir='ltr'><strong>Msy&lt;14902</strong></span> <span class='ocrx_word' id='word_1_416' title='bbox 843 2599 960 2634; x_wconf 82' lang='lat' dir='ltr'><strong>(Gouda</strong></span> <span class='ocrx_word' id='word_1_417' title='bbox 976 2598 1035 2626; x_wconf 76' lang='lat' dir='ltr'><strong>MS.</strong></span> <span class='ocrx_word' id='word_1_418' title='bbox 1053 2605 1131 2632; x_wconf 74' lang='lat'><strong>1323,</strong></span> <span class='ocrx_word' id='word_1_419' title='bbox 1190 2605 1213 2624; x_wconf 85' lang='lat'><strong>1.</strong></span> <span class='ocrx_word' id='word_1_420' title='bbox 1232 2598 1251 2624; x_wconf 85' lang='lat'>8</span> <span class='ocrx_word' id='word_1_421' title='bbox 1269 2597 1329 2624; x_wconf 74' lang='lat' dir='ltr'><strong>and</strong></span> <span class='ocrx_word' id='word_1_422' title='bbox 1349 2605 1390 2631; x_wconf 86' lang='lat'><strong>13.</strong></span> <span class='ocrx_word' id='word_1_423' title='bbox 1433 2597 1520 2624; x_wconf 85' lang='lat' dir='ltr'><strong>Peter</strong></span> <span class='ocrx_word' id='word_1_424' title='bbox 1538 2596 1566 2623; x_wconf 84' lang='lat' dir='ltr'><strong>is</strong></span> <span class='ocrx_word' id='word_1_425' title='bbox 1584 2596 1777 2631; x_wconf 79' lang='lat' dir='ltr'><strong>represented</strong></span> <span class='ocrx_word' id='word_1_426' title='bbox 1794 2597 1827 2624; x_wconf 87' lang='lat' dir='ltr'><strong>in</strong></span> 
     </span>
     <span class='ocr_line' id='line_1_43' title="bbox 496 2633 1828 2670; baseline -0.002 -8"><span class='ocrx_word' id='word_1_427' title='bbox 496 2633 517 2660; x_wconf 84' lang='lat' dir='ltr'><strong>f.</strong></span> <span class='ocrx_word' id='word_1_428' title='bbox 532 2642 559 2668; x_wconf 84' lang='lat'><strong>3,</strong></span> <span class='ocrx_word' id='word_1_429' title='bbox 574 2635 610 2662; x_wconf 76' lang='lat' dir='ltr'><strong>cf.</strong></span> <span class='ocrx_word' id='word_1_430' title='bbox 625 2635 645 2663; x_wconf 74' lang='lat' dir='ltr'><strong>f.</strong></span> <span class='ocrx_word' id='word_1_431' title='bbox 660 2635 701 2670; x_wconf 82' lang='lat'><strong>5.)</strong></span> <span class='ocrx_word' id='word_1_432' title='bbox 715 2635 795 2663; x_wconf 89' lang='lat' dir='ltr'><strong>Wm.</strong></span> <span class='ocrx_word' id='word_1_433' title='bbox 843 2643 948 2663; x_wconf 73' lang='lat' dir='ltr'><strong>erman</strong></span> <span class='ocrx_word' id='word_1_434' title='bbox 960 2635 1030 2662; x_wconf 78' lang='lat' dir='ltr'><strong>ssks</strong></span> <span class='ocrx_word' id='word_1_435' title='bbox 1041 2634 1131 2661; x_wconf 79' lang='lat' dir='ltr'><strong>Corn.</strong></span> <span class='ocrx_word' id='word_1_436' title='bbox 1189 2633 1283 2661; x_wconf 85' lang='lat' dir='ltr'><strong>Lond.</strong></span> <span class='ocrx_word' id='word_1_437' title='bbox 1294 2634 1375 2662; x_wconf 81' lang='lat' dir='ltr'><strong>xxiv.</strong></span> <span class='ocrx_word' id='word_1_438' title='bbox 1385 2641 1412 2668; x_wconf 85' lang='lat'><strong>5,</strong></span> <span class='ocrx_word' id='word_1_439' title='bbox 1422 2633 1479 2660; x_wconf 86' lang='lat' dir='ltr'><strong>LB.</strong></span> <span class='ocrx_word' id='word_1_440' title='bbox 1492 2633 1520 2660; x_wconf 75' lang='lat' dir='ltr'>A</span> <span class='ocrx_word' id='word_1_441' title='bbox 1541 2640 1568 2667; x_wconf 85' lang='lat' dir='ltr'><strong>p.</strong></span> <span class='ocrx_word' id='word_1_442' title='bbox 1579 2633 1828 2668; x_wconf 57' lang='lat' dir='ltr'><strong>“numm-ing</strong></span> 
     </span>
     <span class='ocr_line' id='line_1_44' title="bbox 496 2655 1828 2707; baseline 0 -11"><span class='ocrx_word' id='word_1_443' title='bbox 496 2669 619 2705; x_wconf 78' lang='lat' dir='ltr'><strong>Gemrd,</strong></span> <span class='ocrx_word' id='word_1_444' title='bbox 634 2655 709 2699; x_wconf 83' lang='lat' dir='ltr'><strong>then</strong></span> <span class='ocrx_word' id='word_1_445' title='bbox 722 2673 754 2699; x_wconf 78' lang='lat' dir='ltr'><strong>st</strong></span> <span class='ocrx_word' id='word_1_446' title='bbox 766 2672 891 2707; x_wconf 81' lang='lat' dir='ltr'><strong>Lopsen,</strong></span> <span class='ocrx_word' id='word_1_447' title='bbox 907 2674 938 2699; x_wconf 80' lang='lat' dir='ltr'><strong>to</strong></span> <span class='ocrx_word' id='word_1_448' title='bbox 950 2671 1022 2698; x_wconf 76' lang='lat' dir='ltr'><strong>lond</strong></span> <span class='ocrx_word' id='word_1_449' title='bbox 1035 2669 1101 2698; x_wconf 87' lang='lat' dir='ltr'><strong>him</strong></span> <span class='ocrx_word' id='word_1_450' title='bbox 1115 2678 1133 2697; x_wconf 91' lang='lat' dir='ltr'><strong>a</strong></span> <span class='ocrx_word' id='word_1_451' title='bbox 1189 2670 1242 2697; x_wconf 89' lang='lat' dir='ltr'><strong>the</strong></span> <span class='ocrx_word' id='word_1_452' title='bbox 1267 2673 1383 2704; x_wconf 67' lang='lat' dir='ltr'><strong>grenter</strong></span> <span class='ocrx_word' id='word_1_453' title='bbox 1403 2671 1472 2705; x_wconf 76' lang='lat' dir='ltr'><strong>psrt</strong></span> <span class='ocrx_word' id='word_1_454' title='bbox 1493 2678 1510 2696; x_wconf 88' lang='lat' dir='ltr'><strong>o</strong></span> <span class='ocrx_word' id='word_1_455' title='bbox 1547 2669 1600 2695; x_wconf 81' lang='lat' dir='ltr'><strong>the</strong></span> <span class='ocrx_word' id='word_1_456' title='bbox 1627 2669 1828 2696; x_wconf 72' lang='lat' dir='ltr'><strong>iuheritsnce.</strong></span> 
     </span>
     <span class='ocr_line' id='line_1_45' title="bbox 496 2705 1828 2743; baseline 0 -10"><span class='ocrx_word' id='word_1_457' title='bbox 496 2714 551 2733; x_wconf 84' lang='lat' dir='ltr'><strong>ms.</strong></span> <span class='ocrx_word' id='word_1_458' title='bbox 576 2706 770 2736; x_wconf 79' lang='lat' dir='ltr'><strong>‘quenalem</strong></span> <span class='ocrx_word' id='word_1_459' title='bbox 793 2708 927 2743; x_wconf 75' lang='lat' dir='ltr'><strong>magistri</strong></span> <span class='ocrx_word' id='word_1_460' title='bbox 949 2707 1029 2734; x_wconf 80' lang='lat' dir='ltr'><strong>Petri</strong></span> <span class='ocrx_word' id='word_1_461' title='bbox 1054 2707 1133 2734; x_wconf 80' lang='lat' dir='ltr'><strong>Gon</strong></span> <span class='ocrx_word' id='word_1_462' title='bbox 1188 2705 1285 2734; x_wconf 73' lang='lat' dir='ltr'><strong>There</strong></span> <span class='ocrx_word' id='word_1_463' title='bbox 1309 2707 1336 2734; x_wconf 80' lang='lat' dir='ltr'><strong>is</strong></span> <span class='ocrx_word' id='word_1_464' title='bbox 1360 2714 1399 2734; x_wconf 89' lang='lat' dir='ltr'><strong>no</strong></span> <span class='ocrx_word' id='word_1_465' title='bbox 1429 2705 1578 2740; x_wconf 78' lang='lat' dir='ltr'><strong>difficulty</strong></span> <span class='ocrx_word' id='word_1_466' title='bbox 1605 2707 1638 2732; x_wconf 89' lang='lat' dir='ltr'><strong>in</strong></span> <span class='ocrx_word' id='word_1_467' title='bbox 1664 2707 1828 2741; x_wconf 79' lang='lat' dir='ltr'><strong>supposing</strong></span> 
     </span>
     <span class='ocr_line' id='line_1_46' title="bbox 495 2742 1828 2780; baseline 0 -11"><span class='ocrx_word' id='word_1_468' title='bbox 495 2742 579 2770; x_wconf 75' lang='lat' dir='ltr'><strong>dani.</strong></span> <span class='ocrx_word' id='word_1_469' title='bbox 583 2742 591 2754; x_wconf 84' lang='lat'><em>⁰</em></span> <span class='ocrx_word' id='word_1_470' title='bbox 628 2742 701 2771; x_wconf 84' lang='lat' dir='ltr'><strong>This</strong></span> <span class='ocrx_word' id='word_1_471' title='bbox 719 2745 746 2771; x_wconf 79' lang='lat' dir='ltr'><strong>is</strong></span> <span class='ocrx_word' id='word_1_472' title='bbox 764 2744 911 2780; x_wconf 82' lang='lat' dir='ltr'><strong>probably</strong></span> <span class='ocrx_word' id='word_1_473' title='bbox 921 2743 1061 2771; x_wconf 78' lang='lat' dir='ltr'><strong>Winckel</strong></span> <span class='ocrx_word' id='word_1_474' title='bbox 1080 2743 1128 2778; x_wconf 77' lang='lat' dir='ltr'><strong>(cf.</strong></span> <span class='ocrx_word' id='word_1_475' title='bbox 1189 2743 1257 2770; x_wconf 80' lang='lat' dir='ltr'><strong>that</strong></span> <span class='ocrx_word' id='word_1_476' title='bbox 1276 2742 1414 2770; x_wconf 84' lang='lat' dir='ltr'><strong>Winckel</strong></span> <span class='ocrx_word' id='word_1_477' title='bbox 1437 2751 1470 2770; x_wconf 81' lang='lat' dir='ltr'><strong>as</strong></span> <span class='ocrx_word' id='word_1_478' title='bbox 1491 2742 1637 2777; x_wconf 73' lang='lat' dir='ltr'><strong>guardian</strong></span> <span class='ocrx_word' id='word_1_479' title='bbox 1660 2750 1729 2778; x_wconf 80' lang='lat' dir='ltr'><strong>may</strong></span> <span class='ocrx_word' id='word_1_480' title='bbox 1751 2743 1828 2769; x_wconf 77' lang='lat' dir='ltr'><strong>have</strong></span> 
     </span>
     <span class='ocr_line' id='line_1_47' title="bbox 495 2778 1785 2816; baseline 0.001 -10"><span class='ocrx_word' id='word_1_481' title='bbox 495 2778 549 2814; x_wconf 95' lang='lat' dir='ltr'><strong>Ep.</strong></span> <span class='ocrx_word' id='word_1_482' title='bbox 567 2787 590 2806; x_wconf 89' lang='lat'><strong>1.</strong></span> <span class='ocrx_word' id='word_1_483' title='bbox 602 2779 680 2816; x_wconf 54' lang='lat' dir='ltr'><strong>tie),</strong></span> <span class='ocrx_word' id='word_1_484' title='bbox 691 2780 753 2808; x_wconf 78' lang='lat' dir='ltr'><strong>md</strong></span> <span class='ocrx_word' id='word_1_485' title='bbox 765 2782 820 2809; x_wconf 88' lang='lat' dir='ltr'><strong>not</strong></span> <span class='ocrx_word' id='word_1_486' title='bbox 832 2779 983 2809; x_wconf 71' lang='lat' dir='ltr'><strong>Erasmus·</strong></span> <span class='ocrx_word' id='word_1_487' title='bbox 996 2780 1128 2815; x_wconf 87' lang='lat' dir='ltr'><strong>brother,</strong></span> <span class='ocrx_word' id='word_1_488' title='bbox 1188 2779 1367 2807; x_wconf 69' lang='lat' dir='ltr'><strong>afterwards</strong></span> <span class='ocrx_word' id='word_1_489' title='bbox 1385 2779 1526 2813; x_wconf 70' lang='lat' dir='ltr'><strong>acquired</strong></span> <span class='ocrx_word' id='word_1_490' title='bbox 1545 2779 1571 2806; x_wconf 82' lang='lat' dir='ltr'><strong>it</strong></span> <span class='ocrx_word' id='word_1_491' title='bbox 1588 2779 1668 2806; x_wconf 77' lang='lat' dir='ltr'><strong>from</strong></span> <span class='ocrx_word' id='word_1_492' title='bbox 1687 2778 1785 2807; x_wconf 79' lang='lat' dir='ltr'><strong>Peter.</strong></span> 
     </span>
    </p>
   </div>
  </div>
 </body>
</html>
