2248 3363
496 382 536 414 18
882 382 1092 418 LETTERS
1122 382 1183 417 OF
1215 381 1436 417 ERASMUS
1673 378 1826 426 [1523-4

491 471 697 511 commouet,
715 470 809 514 quod
831 470 960 514 quibus
980 472 1063 504 ante
1086 469 1260 504 scribebat
1284 469 1390 504 Sidus
1412 467 1630 510 Germaniae,
1656 468 1827 512 Princeps

491 533 572 558 vere
588 525 801 568 Theologise,
819 525 980 559 Antistes
995 525 1167 559 bonarum
1188 524 1379 566 literarum,
1397 535 1492 558 nunc
1513 522 1582 557 sim
1601 522 1683 566 alga
1703 522 1828 564 viliorg

490 577 662 620 siquidem
676 578 844 622 gloriosos
858 579 938 614 illos
951 579 1082 621 titulos,
1096 579 1156 623 qui
1171 578 1261 612 mihi
1276 588 1458 621 nunquam
1473 588 1546 612 non
1556 578 1654 612 fuere
1672 577 1825 619 molesti,

492 631 616 665 lubens
630 632 702 666 illis
716 633 864 677 resigno,
881 634 1054 672 amicitiae
1069 633 1189 669 foedus
1205 633 1296 667 nulli
1311 633 1436 667 volens
1450 633 1602 667 remitto.

462 696 478 723 5
538 685 766 722 Tentauimus
790 690 826 722 et
855 688 1153 729 declamationem,
1180 688 1224 722 ad
1251 698 1358 731 quam
1387 687 1500 730 magis
1526 697 1667 721 eramus
1702 687 1828 721 natura

492 741 674 783 compositi
703 753 809 785 quam
838 743 881 776 ad
907 743 969 778 illa
998 742 1213 783 collectanea,
1241 741 1281 775 in
1311 752 1399 785 quae
1428 743 1547 774 tamen
1578 740 1737 774 maxime
1765 750 1828 774 nos

493 794 636 837 impulit
650 797 764 830 nescio
774 797 851 840 quis
864 797 996 840 genius.
1027 797 1153 840 Itaque
1165 795 1314 831 lusimus
1330 795 1416 829 olim
1431 794 1587 829 Laudem
1601 805 1642 828 ac
1658 794 1828 838 vitupera-

491 848 624 882 tionem
635 851 862 893 matrimonii,
874 863 960 895 quae
972 862 1066 885 nunc
1082 861 1162 894 pars
1172 852 1225 885 est
1239 850 1352 885 libelli
1368 850 1420 884 De
1435 850 1569 884 ratione
1584 849 1828 884 conscribendi

493 903 666 946 epistolas,
717 905 760 940 Id
775 906 922 940 fecimus
944 907 982 940 in
997 906 1147 950 gratiam
1167 905 1351 939 clarissimi
1366 905 1504 939 iuuenis
1520 904 1718 938 Guilhelnn'
1734 904 1827 939 Mon·

445 968 479 990 ιο
493 956 579 1001 tioii,
597 970 699 1001 quem
714 960 792 994 tum
807 960 845 994 in
866 960 1049 995 rhetoricis
1068 960 1351 994 instituebamus.
1400 960 1507 994 Hunc
1521 970 1631 1003 quum
1647 969 1827 1002 rogassem

492 1012 613 1056 ecquid
628 1014 776 1056 placeret
792 1015 883 1059 quod
903 1015 1120 1059 scripseram,
1138 1014 1198 1048 ille
1215 1014 1397 1055 festiuiter,
1418 1014 1530 1047 ‘Adeo
1547 1014 1663 1056 placet
1676 1015 1719 1047 vt
1738 1013 1827 1048 mihi

491 1067 596 1110 plane
609 1070 820 1111 persuaseris
835 1081 910 1104 esse
925 1070 1120 1104 ducendam
1135 1070 1300 1104 vxorem’
1345 1069 1436 1102 Tum
1451 1079 1524 1111 ego,
1539 1068 1741 1111 ‘Suspende
1755 1079 1827 1103 sen-

490 1122 639 1158 tentiam
656 1123 765 1157 donec
785 1124 909 1168 legeris
923 1125 1098 1160 diuersam
1118 1124 1276 1168 partem!
1324 1125 1334 1142 ⁴
1344 1124 1457 1158 Istam
1468 1124 1477 1138 ’
1492 1124 1608 1167 inquit
1625 1124 1712 1158 ‘tibi
1726 1124 1827 1166 habe,

493 1176 583 1210 mihi
602 1177 697 1220 prior
716 1178 854 1221 placet·
899 1180 937 1215 Is
959 1180 1030 1213 iam
1052 1181 1131 1223 post
1152 1179 1292 1213 tertiam
1306 1189 1451 1212 vxorem
1467 1179 1582 1212 celebs
1601 1179 1664 1220 est,
1682 1178 1825 1213 fortasse

445 1241 478 1269 ¹5
493 1230 661 1266 ducturus
684 1234 844 1276 quartam
856 1247 866 1275 3
904 1234 987 1267 adeo
1014 1234 1115 1270 facile
1140 1235 1194 1267 est
1220 1232 1406 1276 perculisse
1436 1232 1641 1276 plaustrum,
1671 1244 1742 1276 quo
1767 1244 1827 1267 sua

493 1287 615 1328 sponte
638 1285 835 1321 inclinatur.
894 1288 961 1322 Sed
989 1288 1177 1322 admodum
1204 1288 1347 1322 iuuenes
1376 1287 1438 1321 vix
1461 1298 1572 1321 anuos
1596 1287 1674 1321 nati
1697 1287 1827 1332 viginti

493 1339 696 1383 scripsimus
726 1341 764 1375 in
794 1342 916 1376 eodem
946 1353 1071 1385 genere
1101 1342 1255 1378 Inudem
1285 1342 1379 1376 vitae
1417 1341 1639 1384 monasticae,
1668 1342 1737 1376 hoc
1774 1345 1825 1377 eet

493 1395 676 1437 solitariae,
696 1395 735 1429 in
757 1396 907 1439 gratiam
930 1397 1035 1431 amici
1057 1397 1246 1439 cuiusdam,
1263 1397 1324 1441 qui
1346 1398 1508 1440 nepotem
1530 1398 1707 1441 quendam
1725 1408 1825 1432 vena-

494 1450 597 1484 batur
624 1450 839 1494 proselytum
870 1462 975 1494 quem
1004 1452 1044 1488 in
1073 1463 1213 1486 nassam
1243 1452 1429 1495 pelliceret.
1488 1452 1582 1486 Item
1604 1456 1688 1486 ante
1716 1463 1826 1487 annos

447 1514 482 1538 20
495 1504 624 1548 viginti
645 1507 717 1538 tres
742 1506 952 1540 Encomium
977 1506 1067 1540 artis
1089 1506 1250 1548 medicae,
1275 1508 1398 1549 rogatu
1420 1506 1600 1540 cuiusdam
1625 1507 1742 1550 amici,
1769 1507 1828 1552 qui

496 1570 608 1602 nuper
623 1559 736 1593 Caroli
759 1559 915 1594 Caesaris
936 1561 1091 1595 medicus
1105 1561 1183 1595 fuit.
1230 1561 1379 1604 Repperi
1394 1561 1486 1594 inter
1499 1561 1644 1595 schedas
1663 1562 1827 1606 Episcopi

495 1613 755 1657 responsionem
778 1615 820 1648 ad
844 1615 1011 1658 populum
1034 1615 1104 1650 sibi
1126 1616 1367 1659 gratulantem,
1385 1627 1447 1649 nec
1470 1616 1557 1650 satis
1578 1616 1729 1650 memini
1750 1627 1828 1660 qua·

496 1679 578 1702 nam
595 1668 771 1703 occasione
786 1679 827 1703 ea
843 1669 932 1703 mihi
952 1670 1080 1713 scripta
1094 1670 1210 1704 fuerit.
1252 1670 1344 1704 Nam
1360 1669 1641 1704 Consolationem
1657 1670 1701 1705 de
1717 1672 1828 1705 morte

495 1723 564 1757 filii
588 1725 807 1766 praemature
829 1724 1004 1767 praerepti
1029 1725 1152 1768 scripsi
1176 1725 1294 1766 Senae,
1320 1735 1429 1768 quum
1451 1724 1693 1759 Alexandrum
1721 1724 1828 1759 arehi-

448 1787 481 1815 ²5
495 1777 694 1820 episcopum
723 1778 885 1813 ecclesiae
915 1778 990 1812 diui
1019 1779 1188 1820 Andreae,
1215 1779 1330 1813 Iacobi
1360 1779 1543 1813 Scotorum
1573 1780 1665 1823 regis
1701 1779 1826 1821 filium,

494 1831 722 1867 instituerem.
770 1833 837 1867 Sed
861 1832 975 1870 multo
1001 1835 1082 1867 ante
1107 1834 1198 1877 apud
1224 1833 1361 1877 Anglos
1382 1833 1631 1876 descripseram
1653 1833 1830 1869 Declama-

495 1886 631 1921 tionem
668 1887 871 1922 Lucianicae
905 1888 1172 1931 respondentem
1202 1888 1322 1922 contra
1350 1886 1617 1930 tyrannicidam,
1649 1887 1720 1921 buc
1757 1899 1829 1931 pro·

495 1943 640 1976 uccante
662 1942 798 1980 Thema
820 1944 927 1986 Mero,
955 1945 1033 1977 tum
1055 1943 1253 1978 studiorum
1274 1941 1393 1984 sodali,
1423 1942 1485 1986 qui
1511 1953 1606 1976 nunc
1631 1943 1829 1985 Anglorum

497 1995 571 2038 regi
601 1998 654 2029 est
679 2008 701 2030 a
726 1997 910 2032 thesauris.
958 1998 1219 2040 Querimoniam
1249 1996 1344 2040 pacis
1372 1996 1577 2040 scripsimus
1607 1998 1687 2030 ante
1717 2007 1830 2031 annos

449 2058 484 2088 30
497 2049 606 2083 ferme
629 2052 771 2093 septem,
798 2053 876 2085 tum
905 2052 1060 2095 primum
1090 2052 1129 2086 in
1155 2051 1272 2086 aulam
1295 2051 1464 2095 principis
1488 2050 1600 2086 acciti.
1647 2051 1829 2095 Agebatur

490 2104 636 2147 'magnis
655 2105 782 2141 studiis
800 2107 841 2140 vt
860 2106 1036 2140 Oameraci
1057 2107 1211 2150 synodus
1231 2109 1323 2141 esset
1343 2117 1562 2142 summorum
1586 2106 1680 2140 orbis
1701 2105 1830 2148 princi-

497 2169 593 2201 pum,
617 2158 780 2201 Caesaris,
807 2160 899 2203 regis
921 2160 1124 2201 Galliarum,
1148 2161 1241 2204 regis
1261 2160 1421 2204 Angliae,
1444 2160 1561 2195 Caroli
1582 2160 1704 2201 nostri,
1726 2162 1830 2204 atque

496 2213 548 2247 ibi
567 2224 637 2256 ‚pax
658 2213 765 2248 coiret
783 2214 878 2248 inter
895 2214 977 2249 illos
999 2214 1244 2257 adamantinis,
1260 2217 1301 2249 vt
1321 2215 1431 2257 aiunt,
1448 2215 1607 2251 vinculis.
1653 2214 1753 2249 Haeo
1775 2225 1831 2249 res

497 2267 721 2311 potissimum
740 2268 907 2312 agebatur
925 2280 986 2312 per
1006 2269 1239 2305 clarissimum
1252 2270 1371 2304 virum
1389 2269 1632 2303 Guilbelmum
1646 2280 1667 2303 a
1681 2268 1829 2311 Oieruia,

449 2331 484 2360 35
499 2323 535 2356 et
558 2322 766 2366 reipublicae
791 2322 962 2358 iuuandae
985 2326 1110 2359 natum
1136 2324 1308 2358 Ioannem
1334 2322 1549 2367 Syluagium,
1574 2323 1831 2359 Cancellarium

498 2388 690 2413 summum.
720 2378 914 2412 obstabant
929 2378 1010 2412 huic
1024 2378 1172 2415 consilio
1187 2378 1339 2422 quidam,
1356 2378 1481 2422 quibus
1494 2377 1633 2413 inutilis
1647 2379 1701 2412 est
1714 2388 1832 2413 mrum

495 2431 742 2477 tranquillitas,
760 2432 952 2476 quibusque
967 2433 1064 2467 iuxta
1079 2432 1267 2468 Philoxeni
1281 2432 1493 2467 sententiam
1508 2432 1582 2476 (qui
1596 2432 1687 2466 dixit
1702 2432 1832 2467 suauis·

499 2488 606 2523 simas
633 2498 708 2522 esse
731 2498 852 2523 carnes
875 2499 962 2530 quae
987 2498 1109 2522 carnes
1135 2498 1208 2523 non
1234 2489 1360 2530 essent,
1385 2486 1613 2522 suauissimus
1633 2486 1747 2530 pisces
1769 2485 1832 2531 qui

609 2574 652 2594 10.
673 2566 766 2594 Hunc
779 2586 788 2594 .
800 2586 810 2595 .
824 2585 834 2594 .
850 2567 892 2594 m.
908 2566 1077 2594 inclinatur
1088 2569 1150 2596 aad.
1164 2567 1194 2597 β.
1313 2573 1361 2602 32-
1379 2566 1458 2602 regis
1469 2564 1599 2602 Angliae
1610 2568 1675 2594 aad.
1687 2567 1719 2598 β.

538 2675 580 2703 ¹7·
601 2668 682 2695 vitae
695 2667 892 2704 monasticae]
907 2667 951 2696 Cf.
964 2675 991 2703 p.
1006 2674 1051 2703 37.
1065 2675 1083 2701 3
1096 2675 1127 2695 n.
1195 2667 1383 2702 Cambrayin
1396 2666 1498 2695 March
1509 2674 1581 2703 ¹⁵¹7
1593 2674 1643 2694 see
1655 2665 1829 2702 Creighton,

534 2712 579 2732 οι.
601 2704 740 2740 Episcopi
758 2705 996 2741 responsionem]
1017 2706 1060 2732 uf.
1080 2704 1135 2739 Ep.
1194 2704 1234 2731 iv.
1265 2712 1328 2739 241,
1361 2713 1388 2732 ε.
1452 2707 1496 2731 As
1526 2704 1589 2732 this
1621 2711 1743 2739 passage
1770 2711 1832 2731 was

499 2741 545 2772 48.
558 2742 577 2767 6
589 2749 617 2769 ιι.
1192 2740 1317 2768 written
1336 2740 1370 2768 in
1388 2748 1468 2774 1523,
1482 2740 1634 2768 Erasmus'
1647 2739 1831 2768 calculation

534 2785 580 2812 3¹·
601 2777 768 2815 osmensi]
781 2778 839 2806 For
851 2778 904 2806 the
916 2777 1090 2806 conference
1101 2778 1134 2805 at
1190 2777 1219 2805 is
1229 2777 1318 2813 again
1331 2777 1489 2805 incorrect.
