2248 3363
462 377 567 426 ¹49⁵]
898 381 960 416 ΤΟ
989 381 1179 417 ΗΕΟΤΟΒ
1208 382 1363 417 ΒΟΕΟΕ
1727 388 1789 419 157

460 478 541 502 rum
562 467 710 511 pingues
726 468 900 502 auriculas
919 467 1094 502 barbarico
1113 469 1266 503 carmine
1287 469 1467 513 deliniant,
1484 481 1523 504 ao
1543 470 1697 505 iudicum
1716 482 1792 507 suo·

459 532 539 557 rum
554 521 714 558 vecordia
726 522 809 556 freti
823 522 1012 557 Mantuano
1025 522 1151 567 gaudis
1163 523 1256 558 fiune
1269 523 1338 558 sibi
1351 524 1569 568 pollicentur.

745 589 825 624 Non
840 601 905 634 ego
920 592 1064 625 ventose
1077 602 1187 626 venor
1201 591 1364 637 suffragia
1378 592 1501 635 plebis,

458 658 539 693 Non
569 658 661 693 mihi
692 658 791 692 dulce
819 660 882 701 est,
912 669 1020 703 quom
1049 670 1128 693 meo
1157 659 1267 703 ipsius
1297 659 1508 704 displiceam,
1534 660 1789 705 imperitiorum

458 712 587 748 iudicio
603 712 751 757 probari,
767 724 917 757 quorum
935 714 1026 748 alius
1047 714 1139 748 nihil
1160 714 1310 749 miratur
1331 715 1400 749 nisi
1420 715 1513 759 quod
1532 715 1608 760 ipse
1627 719 1688 751 aut
1708 718 1791 752 fecit
1804 728 1839 756 ⁵0

457 768 519 802 aut
547 768 672 810 potest,
697 767 786 801 alius
811 779 832 801 e
859 767 999 811 regione
1025 767 1118 802 nihil
1143 768 1214 802 nisi
1240 768 1332 813 quod
1358 779 1430 803 non
1459 770 1634 814 intelligit.
1683 771 1789 807 Hunc

456 822 659 865 portentosa
680 821 828 864 quedam
850 833 889 855 ac
914 821 1093 866 phalerata
1118 823 1267 866 capiunt,
1294 834 1453 868 nugeque
1476 835 1609 866 canore,
1634 827 1673 859 vt
1697 826 1788 870 apud

457 875 620 910 Flaccum
636 878 699 910 est.
746 876 816 910 Hic
836 877 990 911 obsoleta
1009 878 1112 920 atque
1126 888 1168 910 ex
1183 877 1406 921 aboriginum
1421 879 1538 913 seculo
1551 890 1660 924 vsque
1681 881 1791 924 petits

457 931 654 973 veneratur,

791 999 1031 1044 attonitusque
1045 1000 1140 1044 legit,
1153 1000 1258 1035 terrai
1272 1000 1461 1044 frugiferai.
1802 1018 1838 1046 55

456 1068 561 1102 Alius
574 1066 762 1102 verborum
777 1068 936 1111 congerie
950 1068 1138 1103 delectatus
1158 1068 1397 1112 garrulitatem
1419 1070 1520 1113 putat
1539 1070 1785 1114 eloquentiam

456 1121 549 1156 Sunt
568 1122 629 1166 qui
651 1133 775 1166 poema
792 1124 981 1157 venustum
1003 1125 1133 1168 negent
1153 1123 1223 1158 nisi
1242 1124 1412 1158 sexcentis
1431 1123 1559 1160 fabulis
1578 1125 1785 1161 refartistur.

456 1176 575 1212 solid:
607 1177 769 1221 perpauci
787 1173 1010 1221 suspiciunt,
1044 1189 1157 1221 neque
1188 1178 1285 1212 enim
1318 1178 1544 1222 perspiciunt.
1591 1180 1630 1213 Si
1661 1181 1788 1225 pictori

455 1231 574 1276 Apelli
587 1232 631 1275 (si
646 1231 731 1276 satis
747 1231 983 1276 commemini)
998 1233 1186 1267 molestum
1202 1232 1270 1267 fuit
1285 1233 1331 1267 ab
1345 1232 1546 1268 Alexandro
1561 1244 1641 1278 nege
1655 1234 1787 1278 pollen·

455 1286 594 1321 tissimo
615 1297 680 1320 sua
700 1285 846 1320 iudicari
866 1296 978 1330 opera,
1002 1286 1080 1321 viro
1101 1287 1202 1321 docto
1224 1287 1413 1322 molestum
1436 1299 1508 1322 non
1532 1289 1599 1322 erit
1622 1299 1644 1322 a
1662 1289 1788 1333 quouis
1801 1296 1838 1325 60

455 1343 581 1382 sutore,
599 1351 620 1374 a
640 1340 766 1383 quouis
786 1340 934 1374 bubulco
954 1340 1128 1376 iudicari?
1172 1341 1274 1377 Adde
1293 1341 1427 1376 inuidia
1446 1343 1643 1377 monstrum
1662 1343 1787 1387 impro-

456 1395 651 1437 bissimum,
679 1395 772 1438 quod
802 1396 935 1438 optima
961 1406 1096 1439 queque
1120 1395 1351 1430 libentissime
1374 1396 1463 1431 solet
1488 1397 1663 1441 impetere.
1711 1397 1787 1441 Ego

454 1451 560 1485 huius
582 1451 717 1484 excetre
741 1448 863 1483 sibilos
887 1450 971 1493 quid
993 1452 1046 1484 est
1070 1461 1137 1493 qur
1160 1451 1272 1493 gratis
1293 1450 1332 1484 in
1355 1461 1413 1484 me
1434 1452 1647 1494 prouoeem?
1683 1451 1787 1486 Hanc

454 1505 715 1540 contentionem
736 1504 882 1538 subeant
904 1504 931 1538 ii
945 1504 1006 1548 qui
1020 1507 1143 1539 ventre
1162 1505 1331 1548 magistro
1346 1505 1392 1539 ad
1410 1506 1623 1540 cantandum
1643 1506 1788 1540 incitan-

454 1562 535 1603 tur3
559 1562 620 1594 aut
643 1561 735 1593 certe
757 1558 885 1602 quibus
908 1558 1021 1603 Syren
1044 1558 1106 1593 illa
1128 1558 1242 1593 laudis
1263 1569 1304 1593 ac
1327 1558 1419 1593 fame
1441 1559 1526 1594 adeo
1548 1559 1729 1594 blanditur
1747 1561 1835 1603 vt65

455 1614 581 1649 malint
608 1614 664 1647 vel
692 1612 889 1647 Heroetrati
915 1624 1012 1648 more
1039 1613 1218 1648 nobilitari
1239 1624 1344 1657 quam
1366 1613 1506 1658 inglorii
1527 1614 1654 1649 viuere.
1713 1614 1788 1659 Ego

453 1668 601 1714 gloriam
617 1667 751 1702 inuidia
766 1678 838 1702 non
854 1678 941 1702 emo.

497 1725 548 1759 At
570 1733 737 1767 quorsum
762 1722 830 1756 ista
854 1723 1027 1757 tandem?
1056 1723 1202 1766 inquies.
1251 1722 1383 1767 Nempe
1408 1723 1487 1767 huc,
1510 1723 1602 1767 quod
1625 1734 1710 1767 qum
1737 1722 1788 1757 in-

454 1778 586 1812 doctior
605 1777 675 1811 sim
695 1787 802 1820 quam
822 1777 884 1820 qui
905 1777 1082 1811 doctorum
1097 1777 1140 1820 (si
1162 1777 1223 1820 qui
1245 1779 1363 1811 tamen
1384 1778 1479 1820 sunt)
1493 1777 1626 1821 possim
1644 1777 1787 1811 auribus

452 1832 658 1874 satisfacere,
683 1834 719 1865 et
741 1831 874 1865 doctior
895 1831 1052 1873 fortasse,
1076 1834 1137 1866 aut
1160 1833 1252 1866 certe
1273 1832 1477 1875 generosior,
1495 1842 1600 1875 quam
1622 1832 1684 1875 qui
1706 1842 1786 1865 cum
1802 1846 1837 1876 ⁷0

450 1887 531 1921 istis
547 1886 671 1930 digner
684 1885 926 1920 ardeleonibus
940 1886 1166 1928 contendere3
1188 1885 1220 1920 si
1234 1885 1319 1929 quid
1334 1885 1560 1929 scripsissem,
1579 1885 1787 1928 Harpocrati

453 1942 569 1985 potius
589 1951 696 1985 quam
714 1940 876 1984 Apollini
893 1940 1006 1974 dicare
1024 1939 1221 1974 statuimus.
1268 1940 1399 1974 Verum
1414 1942 1532 1974 tamen
1553 1950 1599 1974 ne
1618 1940 1658 1973 in
1676 1940 1786 1974 homi-

453 2007 535 2030 nem
553 1995 644 2029 mihi
663 1995 834 2038 singulari
853 1994 1093 2029 beneuolentia
1108 1994 1308 2038 copulatum
1329 1993 1483 2028 nimium
1498 1994 1628 2029 Demea
1642 1995 1784 2036 viderer,

452 2061 516 2095 ego
529 2050 688 2085 Mitionis
709 2051 869 2094 exemplo
891 2050 1085 2093 expugnari
1105 2060 1163 2083 me
1186 2060 1265 2084 sum
1288 2060 1411 2093 passus
1428 2049 1523 2092 (nam
1545 2049 1624 2093 quis
1646 2050 1786 2084 resistat

451 2104 598 2139 Hectori
607 2106 646 2148 2³),
678 2115 717 2139 ac
750 2105 793 2138 de
823 2115 902 2138 meo
933 2104 1096 2138 instituto
1132 2104 1316 2148 paululum
1345 2104 1515 2139 decedens
1542 2116 1655 2139 vnum
1683 2107 1787 2149 atque
1800 2116 1834 2146 75

450 2158 602 2194 alterum
633 2159 827 2193 carminum
856 2169 1014 2192 meorum
1044 2158 1088 2192 ad
1114 2160 1150 2193 te
1181 2158 1270 2201 dedi,
1295 2170 1363 2203 que
1386 2169 1507 2202 nuper,
1533 2159 1619 2194 dum
1642 2159 1717 2194 ruri
1741 2159 1785 2193 ad

450 2225 591 2248 amnem
606 2214 844 2257 spatia-emur,
862 2224 925 2257 per
939 2213 1051 2247 otium
1062 2213 1212 2247 lusimus
1224 2225 1233 2255 ;
1256 2213 1295 2246 in
1310 2214 1436 2257 quibus
1451 2215 1491 2247 tu
1507 2224 1620 2258 neque
1631 2213 1787 2248 Maronis

450 2268 662 2310 felicitatem,
676 2279 789 2311 neque
798 2267 931 2302 Lucani
945 2267 1208 2310 sublimitatem,
1226 2279 1339 2311 neque
1350 2267 1501 2302 Nasonis
1515 2269 1659 2311 copiam,
1673 2279 1786 2311 neque

451 2324 610 2367 Baptiste
639 2322 823 2357 Mantuani
849 2322 1019 2357 lenotinia
1045 2333 1085 2357 ac
1112 2322 1305 2356 doctrinam
1328 2322 1528 2366 quesiueris.
1585 2321 1660 2365 Ego
1689 2321 1784 2355 enim

486 2414 530 2440 49.
551 2405 761 2440 imperitorum
775 2404 814 2432 0¹.
902 2412 948 2438 50.
969 2404 1041 2432 facit
1054 2404 1093 2432 0¹.
1170 2411 1216 2439 55.
1235 2405 1327 2432 terrai
1340 2406 1457 2432 redimi:
1477 2404 1577 2431 aursri
1588 2412 1625 2431 oz
1642 2404 1728 2431 aurai
1739 2403 1779 2431 0¹.

450 2450 496 2477 ⁵9·
554 2441 724 2468 tentissime
737 2440 775 2467 0⁸.
859 2441 905 2475 63.
925 2441 1002 2475 quid
1015 2460 1023 2469 .
1037 2461 1045 2469 .
1058 2460 1066 2468 .
1082 2441 1116 2468 in
1130 2450 1148 2467 α
1160 2449 1167 2467 =
1185 2449 1238 2468 cur
1249 2440 1343 2475 gratis
1354 2440 1478 2474 quidem
1490 2448 1509 2467 a
1522 2440 1561 2467 0¹.
1646 2441 1692 2474 6⁴.
1713 2439 1737 2467 ii
1748 2449 1785 2467 a:

450 2478 484 2506 ln
530 2498 537 2506 .
610 2477 795 2505 cantandum
807 2486 841 2504 a:
860 2476 987 2504 fandum
1001 2478 1041 2506 0¹.
1158 2477 1204 2512 69.
1225 2477 1284 2504 sim
1297 2485 1333 2504 a:
1351 2485 1419 2504 sum
1433 2477 1472 2504 0¹.

486 2552 531 2586 48.
553 2551 621 2578 Non
634 2550 701 2586 ego]
715 2550 788 2578 Hor.
801 2552 851 2583 Ep.
868 2558 890 2578 1.
907 2559 951 2586 ¹9·
963 2559 1007 2586 37.
1148 2551 1241 2585 1516),
1274 2558 1292 2577 a
1322 2550 1486 2577 Carmelite
1516 2549 1618 2585 monk,
1648 2549 1717 2576 who
1749 2549 1784 2576 in

486 2596 532 2622 53.
552 2587 706 2622 Flaccum]
721 2588 789 2614 ΑΡ.
804 2594 868 2620 32⁹·
1145 2587 1196 2614 his
1216 2595 1285 2613 own
1306 2586 1365 2621 day
1383 2585 1511 2621 enjoyed
1528 2593 1547 2612 a
1564 2587 1647 2620 great
1666 2587 1784 2620 reputa-

486 2632 531 2659 ⁵5·
551 2624 761 2657 attonitusque
789 2623 876 2651 unx-t.
895 2631 937 2652 u.
949 2631 995 2657 90.
1011 2631 1037 2657 5.
1146 2624 1213 2651 tion
1231 2622 1278 2650 for
1295 2623 1392 2657 poetic
1410 2622 1483 2657 gii'ts
1500 2622 1548 2657 (of.
1568 2622 1622 2657 Ep.
1638 2623 1696 2657 49).
1736 2622 1783 2650 He

487 2670 531 2695 74.
553 2659 732 2695 expugnari]
805 2660 831 2687 is
851 2660 1040 2694 assumption
1061 2660 1095 2687 of
1146 2661 1240 2687 wrote
1252 2661 1284 2686 at
1294 2660 1378 2694 great
1395 2658 1501 2693 length
1516 2666 1557 2686 on
1569 2658 1712 2694 religieu-
1722 2658 1784 2686 and

450 2697 589 2731 modesty
603 2697 630 2724 is
642 2696 781 2731 repeated
794 2696 862 2723 ini.
897 2703 944 2730 .3.
960 2703 1005 2730 ⁹3-
1147 2696 1242 2724 mor-1
1277 2695 1417 2729 subjecta,
1453 2694 1515 2722 and
1553 2695 1603 2722 his
1639 2695 1784 2723 collected

488 2742 531 2768 79·
553 2733 691 2768 Baptiste
707 2704 989 2768 MantuaniJPBapt.
1001 2732 1092 2767 Epag-
1146 2732 1244 2759 works
1256 2739 1289 2759 as
1301 2731 1463 2766 published
1476 2732 1517 2765 by
1528 2731 1642 2759 Badius
1653 2733 1685 2759 at
1699 2731 1784 2760 Paris

450 2770 537 2798 nuoli
551 2769 584 2796 o!
594 2769 721 2797 Mantua
734 2768 781 2804 (η
792 2769 866 2803 apr.
880 2769 1006 2803 xuS-ee
1017 2768 1090 2797 uu.
1147 2768 1183 2797 in
1206 2776 1278 2803 ¹5¹3
1299 2767 1345 2795 ml
1367 2769 1428 2795 two
1448 2767 1521 2795 tolio
1539 2767 1697 2802 volumen
1728 2769 1783 2795 but
