2248 3363
572 388 636 420 156
961 385 1173 421 LETTERS
1202 385 1263 420 oF
1292 385 1513 420 ERASMUS
1795 384 1903 432 [¹495

569 484 626 507 me
649 472 844 517 suspicaris.
894 472 989 515 Quis,
1014 471 1159 514 malum,
1183 473 1275 507 istuc
1298 472 1347 507 rei
1370 472 1436 506 tibi
1458 472 1639 515 persuasit,
1663 474 1802 516 poetam
1826 484 1904 508 esse

569 527 809 562 Herasmum?
838 526 908 561 isto
927 526 1023 561 enim
1042 526 1210 561 vocabulo
1230 526 1379 561 subinde
1399 526 1472 560 tuis
1493 527 1533 561 in
1552 526 1682 561 litteris
1703 537 1769 561 nos
1790 528 1904 572 appel·

568 582 657 624 litas,
670 581 756 615 olim
771 582 913 624 quidem
926 583 1108 625 persancte
1123 592 1163 615 ac
1173 581 1351 623 honorato,
1363 592 1457 615 nunc
1471 581 1517 615 ob
1527 581 1724 616 multorum
1738 581 1904 617 stolidam

522 652 555 681 ¹5
569 635 782 679 imperitiam
805 634 986 670 inuidioso.
1034 635 1188 671 Proinde
1212 637 1262 678 tu,
1286 635 1318 670 si
1344 647 1401 670 me
1427 647 1533 678 amas,
1557 646 1641 670 caue
1666 636 1812 679 posthac
1833 637 1905 671 isto

569 701 626 724 me
656 690 800 724 nomine
829 690 1105 734 compellaueris.
1155 690 1328 732 Ceterum,
1361 690 1495 724 Hector
1521 689 1579 724 vir
1605 689 1825 732 amicissime,
1858 702 1904 725 ne

569 745 689 779 eadem
709 755 789 789 sepe
811 744 993 779 scribendo
1015 746 1051 779 et
1072 746 1108 779 te
1132 744 1257 789 fatiges
1278 747 1315 779 et
1337 755 1402 779 nos
1425 744 1607 788 obtundas,
1632 745 1737 789 paulo
1759 745 1904 781 liberius

568 799 791 843 apertiusque
805 799 1002 834 fabulemur
1017 810 1158 833 necesse
1172 801 1238 834 est.

614 853 793 897 Principio
812 864 884 888 non
904 855 980 888 tam
1000 865 1082 888 sum
1105 854 1248 897 ineptus
1266 855 1307 888 vt
1330 865 1352 889 a
1375 865 1548 898 quoquam
1571 854 1683 897 pluris
1704 865 1810 898 quam
1833 855 1903 890 sim

521 925 556 946 ,ο
568 907 690 942 haberi
709 908 877 943 studeam.
935 908 1143 951 Quanquam
1166 909 1263 942 enim
1287 919 1393 952 puero
1415 908 1504 942 mihi
1527 908 1644 942 dulces
1666 908 1799 943 fuerint
1821 911 1904 944 ante

569 962 687 997 omnia
711 963 820 1005 Muse,
847 973 920 997 non
950 965 1071 997 tamen
1101 963 1141 996 in
1167 962 1233 997 hoc
1260 963 1457 997 studiorum
1488 974 1613 1006 genere
1642 964 1717 997 tam
1746 966 1904 999 accurate

569 1016 753 1059 ehboraui,
780 1019 821 1051 vt
845 1017 1032 1061 quicquam
1057 1017 1222 1060 Apolline
1246 1018 1416 1061 cedroque
1440 1018 1588 1061 dignum
1609 1029 1629 1051 e
1651 1019 1772 1052 nostra
1793 1019 1904 1061 possit

569 1071 705 1106 officina
733 1071 882 1115 prodire.
929 1071 1053 1116 Itaque
1080 1073 1264 1106 contentus
1290 1072 1383 1106 mihi
1412 1074 1552 1106 cantare
1581 1074 1617 1106 et
1643 1071 1763 1115 Musis,
1792 1073 1903 1108 malui

567 1125 660 1160 nihil
685 1126 818 1161 edendo
841 1126 950 1161 latere
973 1137 1079 1171 quam
1102 1126 1221 1171 inepte
1245 1126 1429 1161 scribendo
1454 1126 1667 1171 imperitiam
1691 1138 1807 1162 meam
1829 1139 1903 1172 pro-

520 1195 554 1224 ³5
569 1180 657 1214 dere.
706 1180 740 1214 Ii
759 1191 822 1215 sua
842 1182 998 1215 carmina
1010 1181 1055 1215 ad
1077 1181 1198 1215 omnia
1217 1181 1362 1225 pulpita,
1387 1181 1550 1216 omnibus
1572 1181 1611 1215 in
1633 1181 1748 1216 triuiis
1770 1183 1904 1217 cantari

568 1234 749 1278 gaudeant,
776 1235 838 1278 qui
868 1235 966 1269 iuxta
989 1235 1179 1269 Horatium
1205 1235 1332 1270 iudicis
1356 1237 1519 1279 argutum
1546 1235 1638 1269 nihil
1664 1246 1811 1270 acumen
1838 1236 1903 1271 for·

569 1289 715 1331 midant,
732 1300 845 1332 neque
865 1300 946 1324 cum
960 1290 1124 1325 Cicerone
1144 1291 1306 1324 recusant
1326 1301 1394 1334 quo
1416 1289 1535 1324 minus
1557 1301 1679 1325 omnes
1700 1290 1819 1325 omnia
1839 1301 1904 1325 sua

568 1342 695 1387 legant.
745 1343 818 1378 Nos
840 1354 921 1378 cum
941 1343 1076 1378 Lucilio
1096 1343 1223 1378 Siculis
1242 1355 1282 1378 ac
1302 1343 1531 1378 Tharentinis
1552 1344 1747 1386 scribimus,
1764 1345 1796 1379 si
1817 1345 1902 1389 quid

567 1400 687 1433 tamen
710 1398 906 1433 scribimus.
965 1399 1016 1433 At
1041 1398 1137 1433 enim
1161 1398 1262 1441 dices,
1287 1398 1354 1441 Qui
1378 1399 1497 1433 minus
1523 1400 1650 1434 audeas
1673 1401 1712 1434 tu
1736 1400 1828 1443 quod
1852 1400 1903 1434 hii

520 1468 554 1496 30
567 1455 671 1497 atque
696 1453 753 1487 illi
783 1463 895 1496 neque
921 1452 1078 1487 doctrina
1101 1452 1166 1487 tibi
1193 1463 1306 1497 neque
1331 1453 1531 1497 eloquentia
1555 1455 1684 1497 pares?
1743 1454 1846 1489 Adde
1871 1455 1902 1488 si

568 1507 681 1551 placet
695 1508 785 1542 illud
801 1506 963 1552 satyrici:

804 1583 996 1620 Scribimus
1015 1585 1147 1619 indocti
1163 1584 1324 1629 doctique
1338 1586 1497 1629 poemata
1510 1585 1650 1629 passim.

568 1663 615 1698 Et
631 1662 719 1697 illud
734 1662 821 1697 item
837 1662 981 1698 alterius
995 1662 1138 1707 satyrici
1152 1664 1292 1698 succine

950 1739 1065 1775 Stulta
1077 1742 1132 1774 est
1140 1741 1339 1780 clementia,
1358 1752 1464 1784 quom
1480 1742 1533 1775 tot
1547 1741 1675 1784 vbique

519 1810 553 1839 35
792 1794 943 1829 Vatibus
958 1805 1126 1837 occurras,
1143 1795 1294 1839 periture
1309 1806 1447 1839 parcere
1462 1795 1591 1830 car-the.

566 1873 651 1918 Ego,
681 1873 733 1907 mi
760 1872 901 1915 Hector,
931 1873 1081 1908 istorum
1111 1873 1267 1918 ineptam
1296 1873 1498 1908 facilitatem
1526 1883 1564 1906 sc
1588 1873 1642 1915 (vt
1664 1872 1715 1908 ita
1739 1872 1902 1916 dixerim)

567 1928 775 1971 tentiginem
798 1928 911 1962 odisse
937 1928 1042 1969 soleo,
1070 1939 1143 1963 non
1171 1928 1324 1969 imitari;
1357 1928 1418 1970 qui
1441 1938 1599 1970 precoces
1621 1928 1718 1970 (nam
1743 1928 1793 1961 sic
1820 1928 1903 1963 illos

566 1982 720 2026 appellat
740 1982 991 2025 Quintilianus)
1010 1982 1072 2016 vbi
1091 1993 1202 2018 vnum
1225 1984 1329 2026 atque
1351 1982 1501 2016 alterum
1523 1984 1663 2025 poetam
1686 1981 1844 2025 legerint,
1867 1984 1903 2016 et

566 2038 700 2070 tentata
713 2035 890 2080 Apollinis
913 2036 1032 2070 fistula
1053 2037 1170 2071 nescio
1191 2036 1274 2081 quid
1294 2036 1410 2080 arguti
1431 2047 1554 2070 sonare
1574 2036 1738 2080 ceperint,
1755 2036 1836 2070 ilico
1857 2037 1901 2071 ad

518 2103 554 2130 ⁴0
566 2090 800 2125 scribendum·
806 2092 948 2134 repente
965 2091 1161 2135 prosiliunt,
1178 2091 1264 2126 adeo
1278 2090 1345 2125 sibi
1360 2090 1477 2134 inepte
1492 2090 1668 2134 placentes
1682 2092 1722 2124 vt
1737 2090 1900 2134 quicquid

567 2145 795 2189 produxerint
825 2155 897 2179 non
928 2156 1026 2179 secus
1054 2146 1122 2190 ipsi
1152 2145 1334 2187 mirentur,
1360 2147 1488 2187 ament,
1520 2145 1765 2188 amplexentur
1794 2156 1901 2189 quam

566 2199 739 2234 deformes
761 2199 865 2234 simia
887 2199 989 2234 filios.
1037 2200 1129 2235 Nam
1151 2201 1183 2235 si
1205 2211 1328 2235 verum
1350 2200 1453 2234 fateri
1475 2199 1529 2233 fas
1552 2200 1615 2240 est,
1636 2200 1722 2243 quot
1744 2199 1898 2242 Marsiss,

567 2255 654 2298 quot
674 2254 792 2289 Panas
813 2254 878 2288 hac
900 2256 1019 2289 nostra
1044 2256 1251 2298 tempestate
1271 2254 1441 2296 videmus,
1466 2255 1528 2297 qui
1551 2264 1596 2287 ne
1618 2253 1736 2297 ipsum
1760 2254 1900 2298 quidem

566 2308 770 2352 Apollinem
800 2308 948 2343 minimo
974 2310 1027 2352 (vt
1056 2310 1169 2352 aiunt)
1200 2309 1362 2343 dubitent
1392 2309 1603 2352 prouocare?
1647 2308 1694 2342 Et
1723 2309 1902 2352 reperiunt

517 2373 552 2401 45
566 2362 708 2406 quidem
731 2362 792 2397 isti
819 2362 998 2407 plausores
1023 2366 1162 2398 cantore
1183 2364 1329 2407 dignos;
1361 2362 1548 2396 inueniunt
1571 2362 1683 2397 Midas
1704 2373 1796 2406 suos,
1821 2374 1902 2406 quo·

606 2456 649 2483 13.
671 2448 829 2477 Erasmum
842 2449 883 2477 01.
956 2451 1207 2486 4persanctoac
1218 2458 1269 2478 om.
1285 2448 1323 2477 0¹.
1385 2449 1428 2477 18.
1448 2449 1649 2477 nbulemura
1661 2448 1848 2485 :loquamur
1861 2449 1900 2477 0¹.

568 2493 614 2513 ω.
635 2485 812 2520 Quanquam
837 2495 871 2514 a:
902 2485 1046 2521 Quamuis
1071 2485 1112 2514 01.
1218 2485 1346 2514 fuerunt
1370 2485 1411 2513 0¹.
1537 2493 1582 2513 aa.
1608 2485 1756 2522 cedroque
1781 2485 1899 2513 021⁸.OE

568 2529 669 2587 {352⁵}
682 2521 855 2593 «ξὲῗὶὶο
834 2542 842 2551 ·
856 2542 863 2550 ·
855 2522 1002 2593 ymago
1008 2521 1150 2588 ἔθ’..
1163 2522 1286 2587 ..ἲὲῑέ
1294 2521 1398 2586 affl
1400 2520 1439 2550 ⁰¹·
1461 2566 1481 2593 3
1497 2521 1687 2594 ffimffs.
1699 2557 1738 2587 οι.
1754 2521 1902 2586 ’9ωὲἓὲ

568 2602 624 2623 noa
636 2593 674 2622 0².
785 2602 832 2630 39.
852 2595 923 2623 illee
935 2605 970 2622 a:
990 2594 1092 2623 111101.
1203 2603 1249 2628 4ο.
1268 2596 1392 2630 repente
1403 2602 1454 2622 mn·
1468 2566 1507 2622 0⁷¹.

603 2703 649 2724 22.
669 2695 770 2732 cedro]
782 2696 865 2725 Pers.
881 2704 906 2725 x.
919 2704 963 2730 4⁸.
1300 2704 1345 2731 31.
1366 2696 1490 2731 satyrici
1518 2695 1591 2724 Hor.
1606 2697 1655 2729 Bp
1670 2703 1697 2723 a.
1714 2702 1738 2722 r.
1755 2702 1816 2728 ¹17·

604 2733 649 2760 26.
670 2732 833 2760 Horatium
860 2734 927 2761 ΔΡ.
939 2729 1003 2768 364.
1301 2732 1493 2767 walterius
1518 2731 1619 2759 luva
1647 2739 1688 2767 1,7

603 2768 639 2796 28
670 2768 803 2805 Lucilio]
852 2777 877 2797 c.
890 2771 951 2797 Rs.
968 2777 993 2799 r.
1006 2777 1032 2804 3.
1050 2777 1076 2804 7.
1301 2769 1346 2804 38.
1366 2768 1577 2805 Quintilianus
1577 2741 1669 2804 113«.
1687 2776 1711 2795 x.
1723 2776 1752 2803 3.
1764 2775 1792 2802 3.
