2248 3363
589 391 632 421 84
980 386 1190 420 LETTERS
1220 384 1280 419 or
1308 384 1531 418 ERASMUS
1818 381 1925 428 [1487

587 475 802 516 intellexero,
822 473 1075 508 exanimaueris
1088 473 1177 507 ilico.
1218 472 1325 506 Parce
1340 482 1466 516 quaeso
1481 470 1621 512 amanti,
1639 481 1710 503 non
1726 481 1764 504 es
1781 470 1928 513 ignarus

586 540 744 563 meorum
771 539 920 570 morum,
949 528 1131 571 ingenium
1157 538 1277 561 meum
1302 537 1373 560 non
1396 527 1543 569 ignoras.
1591 525 1787 559 Tener-ioris
1813 525 1925 558 animi

585 594 666 618 sum
691 594 796 628 quam
819 582 880 627 qui
901 584 976 617 tam
999 581 1155 616 crudeles
1177 581 1279 615 ludos
1300 580 1429 615 totiens
1451 580 1602 624 perferre
1628 579 1782 623 possim3
1820 582 1927 623 atque

586 639 700 680 etiam,
724 638 756 672 si
775 637 927 681 apertius
947 636 1134 670 dicendum
1155 638 1216 677 est,
1237 647 1308 669 non
1330 637 1383 669 est
1402 635 1554 669 amantis
1573 634 1724 669 officium
1746 636 1923 668 amantem

536 705 572 732 30
585 693 731 734 laedere,
762 703 806 726 ne
832 692 907 725 ioco
933 691 1085 735 quidem.
1134 690 1233 733 Quod
1261 690 1301 733 si,
1331 691 1371 723 vt
1401 689 1533 731 scribis,
1564 689 1630 723 hoc
1655 688 1750 732 prior
1777 690 1812 722 te
1838 688 1924 722 laesi

585 748 679 792 quod
700 747 867 781 simulare
888 747 924 779 et
947 745 1166 779 dissimulare
1181 746 1218 778 te
1239 744 1395 786 dixerim,
1414 744 1526 788 cogita
1546 754 1682 788 quaeso,
1700 743 1752 777 mi
1773 743 1919 781 Sei-uati,

585 802 615 836 si
631 802 668 836 id
683 802 750 836 tibi
765 804 837 836 tam
853 801 981 835 durum
996 802 1101 844 atque
1115 799 1279 833 acerbum
1302 799 1433 841 audit-u,
1452 800 1583 843 quanto
1602 798 1639 832 id
1659 798 1749 832 mihi
1769 797 1924 832 acerbius

584 857 735 901 perferre
751 855 906 900 quotidie
926 855 989 889 abs
1008 857 1055 889 te.
1102 855 1150 888 Et
1172 854 1257 898 quid
1280 855 1354 888 tam
1377 854 1474 888 abest
1497 864 1518 887 a
1538 864 1621 887 vera
1641 853 1796 887 amicitia
1818 863 1923 896 quam

584 912 774 955 quidquam
811 911 922 945 celare
957 909 1118 951 amicum,
1152 908 1358 952 praesertim
1388 909 1482 952 quod
1511 908 1608 941 illius
1638 908 1763 941 referat
1794 909 1924 941 nosse?

534 978 568 1008 ³⁵
584 965 688 999 Modo
714 975 849 1007 negare,
876 964 981 998 modo
1011 974 1161 997 asserere
1191 964 1295 1006 atque
1325 962 1516 997 identidem
1547 963 1681 996 vertere
1712 972 1918 1002 sermonem,

583 1019 723 1054 obsecro
743 1021 787 1061 te,
806 1030 851 1053 an
874 1029 946 1052 non
966 1018 1005 1051 id
1026 1018 1191 1051 simulare
1212 1019 1265 1051 est
1285 1028 1325 1051 ac
1345 1016 1592 1051 dissimulare?
1636 1017 1712 1059 Age
1736 1016 1840 1057 enim,
1860 1027 1923 1059 age

583 1074 673 1108 mihi
687 1075 728 1108 vt
743 1074 849 1115 lubet,
869 1074 1008 1106 tantum
1030 1083 1157 1115 quaeso
1181 1083 1225 1105 ne
1245 1071 1302 1105 his
1322 1070 1456 1105 artibus
1472 1070 1609 1104 homini
1622 1070 1689 1104 tibi
1709 1070 1922 1104 amicissimo

582 1129 742 1162 illuseris.
791 1128 880 1162 Vtvt
903 1138 941 1161 se
968 1138 1024 1160 res
1050 1127 1163 1168 habet,
1191 1126 1295 1170 plane
1321 1126 1471 1166 edicito3
1505 1125 1652 1169 pudenti
1679 1125 1776 1158 enim
1803 1125 1922 1158 animo

582 1183 699 1218 nescio
715 1194 761 1217 an
777 1182 966 1226 quidquam
989 1181 1036 1215 sit
1057 1181 1249 1216 molestius.
1299 1181 1397 1223 Quod
1414 1181 1446 1215 si
1461 1181 1525 1214 hac
1540 1191 1611 1215 vna
1626 1180 1664 1213 in
1678 1190 1716 1213 re
1731 1180 1767 1213 te
1781 1190 1923 1213 exorare

533 1250 571 1276 40
583 1247 726 1280 nequeo,
746 1239 791 1278 et,
810 1237 849 1270 vt
864 1236 957 1278 apud
973 1235 1161 1278 Virgilium
1177 1237 1240 1278 ost,

992 1299 1118 1333 Misero
1134 1299 1324 1334 lachrimas
1339 1299 1529 1334 voluuntur
1543 1300 1675 1340 inanes,

806 1355 956 1388 Mortem
974 1365 1042 1396 oro,
1061 1353 1177 1387 taedet
1192 1353 1280 1387 coeli
1295 1365 1448 1388 connexa
1464 1355 1564 1388 tueri.

582 1418 677 1459 Vale,
716 1430 795 1463 spes
831 1430 920 1461 mea,
957 1418 1051 1452 vitae
1085 1417 1250 1452 solatium
1280 1418 1433 1453 Vnicum.
1493 1419 1569 1461 Fac,
1603 1420 1735 1461 amabo,
1770 1422 1809 1454 vt
1842 1421 1923 1453 tuae

583 1475 842 1518 quamprimum
858 1474 901 1508 ad
918 1485 982 1507 uos
996 1473 1140 1507 veniant
1155 1473 1282 1507 literae.

946 1552 1003 1587 10.
1051 1550 1106 1587 'l'o
1131 1550 1303 1588 FRANcns
1327 1552 1562 1589 Timonomc.

620 1612 699 1644 Vita
711 1612 832 1644 Erasini
846 1623 877 1652 p.
896 1614 959 1652 163.
1716 1614 1865 1654 (steyn.)

621 1661 720 1693 Lond.
735 1661 820 1692 xxxi.
835 1662 871 1693 6:
892 1661 953 1693 LB.
968 1662 1049 1701 App.
1065 1663 1133 1700 496.
1705 1663 1752 1703 (c.
1770 1663 1877 1703 1488.)

618 1715 704 1752 [This
716 1715 840 1743 Francis
853 1715 879 1743 is
896 1715 1026 1751 perhaps
1039 1715 1091 1743 the
1104 1715 1281 1743 Franciscus
1292 1715 1469 1744 Theoderici
1481 1716 1516 1743 of
1525 1716 1632 1744 Gouda
1643 1718 1673 1754 (2
1679 1717 1717 1745 de
1729 1717 1861 1750 Baoker3
1879 1717 1917 1744 of.

580 1751 630 1815 A‘p
653 1773 660 1780 .
673 1753 716 1788 a),
728 1752 797 1779 who
809 1759 871 1779 was
888 1753 921 1779 at
931 1760 989 1779 one
1002 1752 1077 1779 time
1095 1759 1115 1779 a
1125 1752 1217 1779 monk
1228 1755 1261 1780 at
1277 1752 1359 1788 Sion,
1375 1761 1448 1780 near
1461 1753 1556 1788 Dela,
1570 1753 1631 1781 and
1646 1753 1820 1781 afterwards
1834 1753 1922 1780 Prior

581 1796 599 1816 ο
630 1760 826 1816 ἓοωιᾱοηοὶ
847 1788 905 1822 (·1-8
923 1788 1003 1823 Sept.
1025 1797 1114 1824 15133
1139 1788 1176 1816 ct.
1197 1789 1251 1823 Ep.
1269 1790 1332 1823 296.
1352 1789 1429 1824 228).
1474 1789 1514 1816 In
1533 1790 1611 1817 view
1629 1789 1663 1817 or
1677 1790 1732 1817 the
1749 1790 1919 1817 connexion

580 1825 717 1853 between
734 1825 816 1860 Sion,
830 1825 936 1860 Steyn,
948 1825 1010 1853 and
1027 1825 1223 1853 Hemsdonck
1234 1825 1323 1860 (App.
1341 1826 1383 1860 2),
1396 1825 1434 1853 he
1447 1833 1518 1860 may
1530 1827 1563 1853 at
1580 1826 1643 1854 this
1659 1827 1733 1854 time
1751 1826 1828 1854 have
1843 1827 1919 1853 been

580 1861 714 1890 resident
733 1862 766 1888 in
785 1862 881 1897 steyn
901 1861 950 1895 (of.
966 1861 1020 1897 Ep.
1034 1870 1077 1896 35.
1096 1870 1148 1896 ¹29
1164 1862 1226 1890 and
1244 1862 1349 1890 Gouda
1366 1862 1429 1890 MS.
1449 1870 1527 1897 1323.
1543 1862 1563 1890 f.
1577 1863 1634 1897 αι).
1672 1863 1721 1890 He
1742 1863 1770 1889 is
1791 1863 1919 1897 perhaps

580 1898 635 1926 tho
653 1898 777 1926 Francis
795 1897 864 1925 who
883 1898 996 1925 visited
1015 1898 1158 1925 Erasmus
1176 1899 1211 1925 in
1230 1898 1283 1926 the
1302 1898 1413 1926 winter
1429 1898 1463 1925 of
1478 1906 1587 1932 περι-ο
1604 1899 1692 1935 (Epp.
1709 1899 1769 1933 167,
1784 1900 1835 1933 8);
1857 1899 1918 1927 and

581 1934 715 1970 through
739 1934 840 1962 whom
866 1935 900 1961 in
929 1935 1038 1970 ι5ο5-6
1061 1935 1204 1962 Erasmus
1227 1934 1380 1970 gethei-ed,
1406 1934 1552 1969 probably
1577 1935 1624 1962 for
1648 1935 1846 1970 publication,
1867 1936 1920 1962 the

580 1971 703 2005 epistles
721 1971 880 2005 composed
896 1971 1009 2006 during
1025 1971 1075 1998 his
1087 1971 1237 1999 monastic
1249 1970 1302 1998 life
1317 1971 1384 2007 (Ep.
1399 1971 1474 2006 186).
1502 1970 1566 1998 The
1583 1971 1720 1999 volumes
1739 1971 1773 1999 οἱ
1787 1972 1919 1999 Francis'

579 2006 686 2034 letters
698 2006 759 2034 and
771 2015 874 2041 poems
891 2007 1052 2035 addressed
1064 2010 1096 2035 to
1110 2008 1159 2035 his
1174 2007 1401 2036 ‘consobrinus'
1414 2008 1505 2042 Snoy,
1521 2007 1624 2035 which
1638 2016 1717 2035 were
1729 2010 1763 2036 at
1774 2017 1832 2035 one
1844 2009 1920 2035 time

580 2043 616 2069 in
632 2042 802 2070 Boxhorn's
819 2043 934 2078 libi-ary
950 2045 982 2071 at
1000 2044 1124 2079 Leiden,
1137 2052 1186 2071 are
1205 2046 1258 2071 not
1278 2052 1347 2072 now
1366 2046 1397 2071 to
1417 2045 1452 2071 be
1470 2044 1576 2071 found.
1615 2045 1669 2071 See
1688 2052 1748 2071 van
1767 2045 1918 2078 noussen,

580 2078 600 2106 i.
614 2086 678 2113 307,
693 2079 754 2106 and
768 2079 792 2106 1.
807 2079 958 2115 W(alvis),
972 2082 1107 2113 Beschryv.
1121 2082 1148 2107 d.
1162 2083 1230 2108 Stoa
1244 2082 1343 2117 Gauda,
1359 2081 1378 2108 i.
1393 2080 1472 2116 244]

731 2143 905 2170 ERASMVS
930 2144 1211 2173 ROTERODAMVS
1235 2145 1448 2172 Pnaxclsco
1473 2144 1718 2173 THEODORIOO
1743 2145 1772 2171 S.

627 2201 728 2244 Qvon
751 2201 863 2235 literis
889 2201 1048 2235 animum
1075 2205 1176 2237 tuum
1198 2204 1334 2238 dederis
1358 2207 1394 2238 et
1419 2204 1577 2248 propriae
1600 2204 1723 2237 salutis
1746 2203 1919 2237 rationem

580 2256 707 2290 habere
731 2256 891 2299 coeperis,
917 2255 952 2289 id
977 2258 1055 2290 tum
1079 2257 1145 2290 tibi
1171 2268 1328 2292 summae
1352 2259 1507 2298 vtilitati,
1533 2260 1610 2292 tum
1633 2258 1724 2292 mihi
1748 2257 1918 2292 ineffabili

579 2310 751 2356 voluptati
766 2311 926 2344 futurum
943 2312 1005 2344 est.
1055 2311 1123 2345 Sed
1139 2323 1208 2356 quo
1222 2312 1260 2347 id
1276 2313 1369 2357 quod
1385 2313 1482 2357 cupis
1497 2313 1718 2357 consequaris
1731 2313 1824 2356 (cum
1841 2313 1919 2347 viae

580 2366 739 2401 nondum
768 2376 899 2409 gnarus
928 2365 976 2407 es)
1000 2377 1123 2409 operae
1149 2368 1302 2410 pretium
1326 2370 1379 2402 est
1402 2370 1442 2402 vt
1465 2368 1593 2402 nostris
1617 2368 1772 2402 consiliis
1797 2378 1917 2401 aurem

549 2440 565 2468 5
580 2420 752 2465 praebeas,
771 2421 806 2453 et
828 2419 981 2463 profecto
1002 2420 1036 2453 id
1058 2421 1123 2454 tibi
1145 2422 1350 2464 persuadeas
1368 2422 1504 2466 (quod)
1522 2434 1595 2457 non
1609 2433 1707 2457 secus
1722 2422 1760 2456 in
1775 2422 1843 2457 ista
1858 2424 1919 2457 tua

580 2486 682 2509 causa
696 2476 837 2509 acturus
856 2486 937 2508 sum
954 2486 1058 2518 quam
1080 2475 1119 2509 in
1139 2487 1219 2510 mea
1238 2477 1357 2520 ipsius.
1408 2477 1588 2520 Siquidem
1612 2479 1674 2511 tua
1697 2476 1800 2519 salus,
1818 2478 1918 2510 crede

580 2529 679 2571 mihi,
696 2541 770 2564 non
785 2529 905 2564 minus
925 2529 1016 2564 mihi
1031 2530 1127 2564 cordi
1145 2533 1200 2565 est
1215 2542 1322 2575 quam
1343 2532 1407 2565 tibi
1427 2534 1487 2566 tua
1502 2531 1613 2575 ipsius
1633 2533 1694 2565 aut
1709 2542 1787 2565 mea
1807 2531 1919 2574 ipsius

580 2584 679 2618 mihi.
729 2584 971 2626 Quamobrem,
1000 2584 1031 2618 si
1056 2586 1157 2628 sapis,
1187 2585 1241 2619 fac
1271 2597 1333 2630 pro
1360 2586 1487 2620 nostris
1513 2586 1658 2620 monitis
1683 2587 1793 2620 vitam
1819 2588 1917 2619 tuam

581 2638 765 2680 instituas3
787 2640 951 2683 quoniam
967 2640 998 2673 si
1014 2640 1089 2673 sine
1105 2640 1191 2673 duce
1206 2639 1273 2674 iter
1282 2640 1494 2685 ingrediaris,
1508 2640 1607 2674 facile
1618 2642 1793 2674 erranei-is.
1820 2640 1914 2674 Vale.

981 2708 1007 2735 9.
1022 2708 1066 2735 28.
1084 2708 1194 2743 possim
1209 2710 1320 2741 scripsi:
1342 2717 1463 2744 possum
1478 2708 1517 2736 θ’.

618 2772 643 2798 9.
654 2777 700 2803 3ι.
718 2770 874 2806 simulare]
889 2772 962 2806 Epp.
979 2780 1003 2805 7.
1017 2779 1050 2806 ⁴¹
1065 2771 1126 2799 aud
1139 2772 1166 2799 8.
1182 2780 1253 2807 15¹1·
1327 2782 1372 2807 4ο.
1394 2772 1572 2809 Virgilium]
1587 2775 1653 2800 Aen.
1669 2782 1696 2806 4.
1711 2781 1767 2807 4⁴9
1779 2772 1840 2799 and
1854 2781 1916 2806 45¹-
