2248 3363
485 396 553 430 236
893 392 1102 427 LETTERS
1125 391 1185 426 OF
1206 391 1430 428 ERASMUS
1714 388 1825 436 [¹499

872 488 1050 516 EBASMVS
1076 487 1222 515 FAVSTO
1246 487 1317 514 SVO
1341 487 1372 514 S.
1397 487 1434 513 D.

531 556 587 591 V‘r
608 558 657 598 tu,
676 555 889 590 ἱοοοεὶεείωο
906 555 1044 598 Fausto,
1061 555 1183 589 eadem
1204 566 1307 599 opem
1323 556 1360 589 et
1378 555 1468 589 mihi
1489 553 1650 588 ruborem
1670 554 1707 587 et
1727 552 1828 587 theo-

487 612 568 656 logo
597 611 650 645 illi
679 610 899 645 stomachum
930 609 1127 651 excitabam
1157 609 1275 643 aderat
1300 609 1395 643 enim
1422 609 1461 643 in
1487 608 1609 643 eodem
1635 607 1824 643 auditorio.

487 666 620 700 Verum
636 676 708 699 non
723 664 871 709 expedit,
889 664 1020 708 opinor,
1037 663 1174 698 irritare
1188 663 1379 698 crabrones.
1426 663 1524 698 Bene
1538 662 1624 698 vale.

871 755 1039 783 FAvswvs
1063 755 1219 782 musmo
1243 754 1312 782 SVO
1337 755 1367 781 Β.
1392 756 1429 783 D.

535 821 703 857 Pavsm
726 833 790 866 pro
813 833 876 857 suo
899 823 1048 857 Erasmo
1069 823 1126 857 vel
1148 822 1257 856 emori
1278 822 1438 856 audacter
1457 833 1558 865 posse
1580 821 1660 865 quis
1682 822 1798 855 nescit
1811 823 1830 855 ’ἓ

488 877 694 912 Blaterones
714 877 803 912 istos
823 878 916 913 tanti
939 877 1083 911 omnino
1105 877 1273 911 faciamus
1295 877 1419 921 quanti
1441 876 1586 911 culicem
1615 875 1829 920 elephantus

490 930 642 966 Indicus.
688 932 787 967 Vale.

1211 976 1359 1011 Faustus
1373 976 1489 1011 inuito
1503 976 1613 1011 liuore
1628 978 1724 1011 tuus.

909 1099 991 1134 101.
1041 1098 1096 1135 Το
1119 1098 1249 1136 JAMsss
1274 1098 1391 1135 Bur.

529 1147 668 1186 Farrago
680 1156 714 1186 p.
726 1154 775 1185 91.
1638 1145 1739 1177 Paris.

531 1196 564 1227 F.
578 1205 610 1235 p.
625 1202 702 1235 251⁸
720 1194 797 1226 HN:
818 1194 915 1227 Lond.
928 1195 970 1227 iv.
983 1197 1041 1235 36:
1061 1195 1122 1227 LB.
1137 1204 1187 1235 37.
1566 1194 1662 1235 <May
1678 1193 1787 1235 1499.)

544 1271 604 1299 Not
616 1271 688 1306 long
699 1271 777 1299 after
791 1271 845 1306 Ep.
862 1279 900 1306 95
915 1271 1041 1301 because
1057 1272 1090 1300 of
1103 1273 1157 1300 the
1172 1272 1232 1300 lost
1249 1271 1371 1300 bundle.
1411 1271 1474 1300 ‘rho
1486 1271 1653 1299 references
1666 1273 1698 1299 to
1711 1270 1831 1298 Natalis

490 1316 531 1336 an
567 1307 701 1336 Louvain
714 1307 779 1335 also
790 1315 876 1343 agree
888 1308 966 1336 with
979 1308 1032 1344 Ep.
1045 1309 1106 1345 95.]

804 1380 981 1409 ERAsuvs
1006 1382 1147 1409 IACOBO
1171 1382 1296 1409 ΒΑΤΤΟ
1321 1381 1391 1409 SVO
1415 1381 1445 1408 S.
1472 1381 1509 1409 D.

536 1447 649 1482 Imm
672 1449 713 1483 tu
736 1448 895 1482 reuixisti
916 1450 957 1482 vt
980 1460 1038 1483 me
1060 1448 1312 1483 contumeliosa
1333 1448 1482 1493 epistola
1502 1447 1702 1483 occideres?
1748 1447 1828 1482 Iam

492 1502 680 1537 nunciatus
701 1513 780 1537 eras
806 1502 894 1536 lecto
919 1502 1042 1536 affixus
1069 1513 1152 1545 esse,
1178 1503 1249 1537 iam
1275 1503 1434 1547 empirici
1458 1503 1589 1538 secturi
1617 1502 1753 1536 ferrum
1776 1512 1831 1535 ex-

491 1558 638 1600 pectare.
684 1556 759 1590 Nos
777 1556 928 1591 luctuosi
948 1567 988 1590 ae
1006 1557 1125 1592 tristes
1145 1557 1361 1601 epitaphium
1385 1557 1653 1592 meditabamur.
1703 1556 1754 1591 Et
1777 1557 1828 1596 tu,

492 1611 524 1644 si
538 1610 606 1645 diis
619 1611 740 1654 placet,
756 1610 872 1645 subito
887 1612 1027 1645 exortus
1042 1611 1087 1645 ad
1101 1611 1313 1646 inuectiuam
1329 1623 1387 1645 me
1400 1622 1575 1655 prouocas.
1621 1611 1832 1655 Quanquam

461 1678 478 1706 5
492 1665 597 1709 longe
612 1665 745 1707 malim,
764 1666 815 1699 mi
830 1665 941 1707 Batte,
957 1666 1016 1700 vel
1029 1666 1208 1700 acen-imis
1221 1666 1408 1700 inuectiuis
1422 1666 1556 1701 bellum
1569 1667 1686 1701 tecum
1701 1676 1830 1709 gerere,

493 1729 599 1764 quam
614 1719 783 1764 epitaphii
797 1719 973 1754 scribendi
987 1719 1099 1754 officio
1114 1720 1214 1764 pium
1228 1720 1333 1754 etiam
1348 1720 1499 1755 amicum
1510 1731 1619 1764 agere.
1654 1720 1830 1764 Agedum,

491 1775 712 1818 accingamur
731 1774 847 1819 igitur,
871 1774 1008 1818 quando
1028 1776 1068 1809 tu
1088 1775 1185 1819 prior
1202 1774 1246 1809 ad
1266 1785 1363 1809 arma
1382 1786 1558 1819 prouocas.
1605 1775 1636 1809 Ο
1657 1775 1830 1819 perditam

490 1829 692 1864 audaciam!
716 1829 839 1865 Audes
850 1829 967 1864 virum
983 1831 1058 1864 tam
1071 1829 1255 1873 magnifice
1270 1832 1496 1864 nummatum
1509 1829 1630 1865 treoeis
1643 1829 1832 1864 homuncio

492 1883 714 1918 contumeliis
735 1884 931 1918 lacessere?
971 1883 1071 1926 Quod
1096 1884 1128 1918 si
1152 1895 1235 1927 opes
1260 1895 1356 1918 meas
1378 1884 1632 1928 contempsisti,
1659 1895 1748 1918 num
1773 1884 1831 1918 vel

446 1951 480 1971 ιο
493 1939 665 1973 calamum
685 1939 824 1973 Erasmi
848 1937 1055 1972 metuebas?
1093 1938 1170 1972 Scis
1194 1938 1321 1982 quibus
1348 1938 1520 1972 machinis
1542 1939 1677 1973 soleant
1704 1938 1832 1974 bellare

494 1994 621 2036 poetae,
648 2004 735 2036 quas
756 1993 789 2026 si
810 1993 920 2026 iratus
942 1994 980 2026 in
1002 1995 1038 2026 te
1060 1994 1200 2034 torsere,
1227 1995 1344 2026 actum
1367 1993 1410 2026 de
1432 1994 1468 2026 te
1490 1993 1619 2035 fuerit3
1644 1993 1776 2027 flustra
1799 1995 1833 2027 te

494 2048 605 2081 fossae
625 2046 723 2088 istae,
739 2047 799 2081 isti
818 2057 966 2090 aggeres,
995 2048 1061 2081 ista
1081 2048 1217 2081 moenia
1237 2048 1462 2090 quantumuis
1484 2048 1621 2081 munita
1646 2048 1831 2082 cinxerint.

494 2101 563 2136 Sed
581 2100 749 2135 hactenus
768 2101 1007 2144 praeluserunt
1027 2101 1159 2136 velites.
1207 2102 1260 2135 Tu
1280 2101 1348 2135 nisi
1366 2112 1484 2145 pacem
1504 2103 1598 2136 vltro
1615 2104 1723 2146 petes,
1741 2104 1834 2137 iusta

495 2157 611 2190 tecum
625 2155 698 2190 acie
716 2155 910 2190 decernam.

448 2222 480 2252 15
539 2209 674 2243 Verum
702 2210 800 2243 extra
828 2210 952 2252 iocum,
976 2210 1108 2253 gaudeo
1136 2210 1262 2254 oppido
1289 2221 1394 2254 quam
1420 2222 1463 2245 ex
1485 2212 1612 2254 animo,
1638 2212 1689 2246 mi
1720 2212 1834 2252 Bate,

495 2263 564 2298 tibi
575 2263 713 2298 ridendi
725 2263 839 2298 ocium
852 2275 924 2298 non
934 2264 1061 2299 deesse.
1109 2265 1200 2299 Nam
1216 2266 1366 2299 mendax
1381 2266 1443 2299 illa
1451 2266 1601 2301 Adriani
1614 2267 1762 2310 epistola
1777 2279 1834 2302 me

494 2318 620 2354 misere
646 2318 870 2359 exanimant,
898 2318 949 2353 ita
973 2321 1013 2353 vt
1037 2331 1176 2354 mecum
1206 2320 1431 2354 deliberarem
1458 2332 1545 2354 num
1576 2321 1692 2355 isthuc
1724 2333 1835 2356 recur-

494 2373 645 2408 rendum
671 2375 771 2408 esset.
830 2373 930 2416 Quod
964 2374 1007 2408 de
1036 2375 1170 2409 sarcina
1196 2375 1312 2419 elapsa
1338 2374 1469 2418 scripsi,
1499 2375 1635 2409 vtinam
1662 2376 1833 2411 eiusmodi

495 2428 544 2463 sit
566 2431 607 2463 vt
631 2428 707 2463 ioco
731 2428 900 2471 scriptum
926 2429 1041 2464 fuerit.
1099 2430 1275 2472 Quorsum
1302 2429 1444 2463 tendam
1472 2432 1507 2464 te
1537 2430 1666 2464 sentire
1698 2432 1831 2466 scribis.

446 2498 482 2518 ae
495 2482 539 2517 Id
560 2493 623 2526 ego
642 2482 708 2517 tibi
727 2482 834 2517 verbo
854 2484 1043 2527 expediam.
1090 2484 1239 2528 Pergam
1262 2480 1332 2518 non
1353 2495 1421 2528 quo
1440 2496 1582 2519 cursum
1601 2484 1832 2529 institueram,

494 2537 557 2571 sed
588 2548 657 2580 quo
687 2548 745 2571 me
771 2539 959 2582 tempestas
985 2538 1058 2583 agit
1081 2540 1328 2582 transuersum,
1357 2539 1426 2573 nisi
1452 2540 1493 2574 tu
1517 2551 1627 2574 nouas
1656 2542 1834 2585 suppetias

496 2592 644 2626 miseris.
695 2592 792 2626 Haeo
815 2593 1018 2636 neutiquam
1041 2593 1117 2627 ioco
1139 2593 1239 2636 dieta,
1264 2593 1316 2628 nn·
1338 2593 1451 2635 Batte,
1476 2605 1514 2628 re
1536 2593 1613 2638 ipsa
1633 2596 1835 2639 propediem

495 2645 689 2690 experieris.
746 2648 952 2692 Quanquam
978 2659 1043 2682 nos
1074 2648 1216 2691 quidem
1246 2648 1372 2691 probos
1398 2649 1577 2683 naucleros
1603 2650 1834 2694 imitabimur,

496 2703 534 2735 et
556 2703 630 2735 arte
652 2712 732 2736 cum
755 2704 960 2748 tempestate
982 2703 1223 2747 pugnabimus.
1272 2703 1319 2738 Et
1341 2703 1397 2738 vel
1420 2704 1519 2739 iratis
1540 2704 1666 2748 ventis,
1688 2705 1718 2739 si
1742 2707 1837 2740 recto

974 2784 1034 2805 101.
1050 2784 1093 2812 ¹3·
1115 2776 1315 2812 praeluserim
1327 2778 1358 2805 t.
