<?xml version="1.0" encoding="UTF-8"?>
<!DOCTYPE html PUBLIC "-//W3C//DTD XHTML 1.0 Transitional//EN"
    "http://www.w3.org/TR/xhtml1/DTD/xhtml1-transitional.dtd">
<html xmlns="http://www.w3.org/1999/xhtml" xml:lang="en" lang="en">
 <head>
  <title>
</title>
<meta http-equiv="Content-Type" content="text/html;charset=utf-8" />
  <meta name='ocr-system' content='tesseract 3.04.00' />
  <meta name='ocr-capabilities' content='ocr_page ocr_carea ocr_par ocr_line ocrx_word'/>
</head>
<body>
  <div class='ocr_page' id='page_1' title='image "./opusepistolarum00garrgoog_0092.png"; bbox 0 0 2248 3363; ppageno 0'>
   <div class='ocr_carea' id='block_1_1' title="bbox 518 381 1467 416">
    <p class='ocr_par' dir='ltr' id='par_1_1' title="bbox 518 381 1467 416">
     <span class='ocr_line' id='line_1_1' title="bbox 518 381 1467 416; baseline 0 0"><span class='ocrx_word' id='word_1_1' title='bbox 518 385 562 416; x_wconf 82' lang='lat'><strong>64</strong></span> <span class='ocrx_word' id='word_1_2' title='bbox 759 407 762 409; x_wconf 88' lang='lat'><em>-</em></span> <span class='ocrx_word' id='word_1_3' title='bbox 909 381 1121 416; x_wconf 78' lang='lat' dir='ltr'>LETTERS</span> <span class='ocrx_word' id='word_1_4' title='bbox 1152 381 1213 415; x_wconf 80' lang='lat' dir='ltr'><strong>OF</strong></span> <span class='ocrx_word' id='word_1_5' title='bbox 1244 381 1467 416; x_wconf 76' lang='lat' dir='ltr'>ERASMUS</span> 
     </span>
    </p>
   </div>
   <div class='ocr_carea' id='block_1_2' title="bbox 1751 380 1862 429">
    <p class='ocr_par' dir='ltr' id='par_1_2' title="bbox 1751 380 1862 429">
     <span class='ocr_line' id='line_1_2' title="bbox 1751 380 1862 429; baseline 0 -13"><span class='ocrx_word' id='word_1_6' title='bbox 1751 380 1862 429; x_wconf 75' lang='lat'>[¹⁵40</span> 
     </span>
    </p>
   </div>
   <div class='ocr_carea' id='block_1_3' title="bbox 515 467 1860 513">
    <p class='ocr_par' dir='ltr' id='par_1_3' title="bbox 515 467 1860 513">
     <span class='ocr_line' id='line_1_3' title="bbox 515 467 1860 513; baseline 0 -9"><span class='ocrx_word' id='word_1_7' title='bbox 515 470 578 504; x_wconf 85' lang='lat' dir='ltr'><strong>vbi</strong></span> <span class='ocrx_word' id='word_1_8' title='bbox 603 469 731 504; x_wconf 83' lang='lat' dir='ltr'><strong>iudicio</strong></span> <span class='ocrx_word' id='word_1_9' title='bbox 756 478 845 512; x_wconf 86' lang='lat' dir='ltr'><strong>opus</strong></span> <span class='ocrx_word' id='word_1_10' title='bbox 874 469 948 502; x_wconf 88' lang='lat' dir='ltr'><strong>erat</strong></span> <span class='ocrx_word' id='word_1_11' title='bbox 974 470 1115 511; x_wconf 82' lang='lat' dir='ltr'><strong>propter</strong></span> <span class='ocrx_word' id='word_1_12' title='bbox 1140 467 1391 512; x_wconf 72' lang='lat' dir='ltr'><strong>exemplarium</strong></span> <span class='ocrx_word' id='word_1_13' title='bbox 1417 468 1657 511; x_wconf 70' lang='lat' dir='ltr'><strong>variationem,</strong></span> <span class='ocrx_word' id='word_1_14' title='bbox 1684 479 1860 513; x_wconf 79' lang='lat' dir='ltr'><strong>nusquam</strong></span> 
     </span>
    </p>
   </div>
   <div class='ocr_carea' id='block_1_4' title="bbox 449 522 1856 567">
    <p class='ocr_par' dir='ltr' id='par_1_4' title="bbox 449 522 1856 567">
     <span class='ocr_line' id='line_1_4' title="bbox 449 522 1856 567; baseline 0.002 -12"><span class='ocrx_word' id='word_1_15' title='bbox 449 531 501 562; x_wconf 81' lang='lat'><strong>2⁷5</strong></span> <span class='ocrx_word' id='word_1_16' title='bbox 516 525 642 559; x_wconf 85' lang='lat' dir='ltr'><strong>deerat.</strong></span> <span class='ocrx_word' id='word_1_17' title='bbox 690 523 826 557; x_wconf 87' lang='lat' dir='ltr'><strong>Verum</strong></span> <span class='ocrx_word' id='word_1_18' title='bbox 849 522 1086 566; x_wconf 71' lang='lat' dir='ltr'><strong>Epistularum</strong></span> <span class='ocrx_word' id='word_1_19' title='bbox 1108 522 1289 556; x_wconf 84' lang='lat' dir='ltr'><strong>volumina</strong></span> <span class='ocrx_word' id='word_1_20' title='bbox 1310 522 1378 556; x_wconf 86' lang='lat' dir='ltr'><strong>sibi</strong></span> <span class='ocrx_word' id='word_1_21' title='bbox 1399 522 1619 566; x_wconf 66' lang='lat' dir='ltr'><strong>peculiariter</strong></span> <span class='ocrx_word' id='word_1_22' title='bbox 1637 523 1856 567; x_wconf 77' lang='lat' dir='ltr'><strong>vendicabat,</strong></span> 
     </span>
    </p>
   </div>
   <div class='ocr_carea' id='block_1_5' title="bbox 514 563 1860 675">
    <p class='ocr_par' dir='ltr' id='par_1_5' title="bbox 514 563 1860 675">
     <span class='ocr_line' id='line_1_5' title="bbox 514 563 1860 623; baseline 0 -10"><span class='ocrx_word' id='word_1_23' title='bbox 514 581 644 623; x_wconf 86' lang='lat' dir='ltr'><strong>partim</strong></span> <span class='ocrx_word' id='word_1_24' title='bbox 659 576 882 612; x_wconf 85' lang='lat' dir='ltr'><strong>absoluendis</strong></span> <span class='ocrx_word' id='word_1_25' title='bbox 900 576 1050 619; x_wconf 79' lang='lat' dir='ltr'><strong>scholiis,</strong></span> <span class='ocrx_word' id='word_1_26' title='bbox 1069 563 1163 619; x_wconf 76' lang='lat' dir='ltr'><strong>quae‘</strong></span> <span class='ocrx_word' id='word_1_27' title='bbox 1176 577 1247 610; x_wconf 88' lang='lat' dir='ltr'><strong>iam</strong></span> <span class='ocrx_word' id='word_1_28' title='bbox 1268 576 1404 619; x_wconf 79' lang='lat' dir='ltr'><strong>pridem</strong></span> <span class='ocrx_word' id='word_1_29' title='bbox 1424 578 1590 619; x_wconf 87' lang='lat' dir='ltr'><strong>coeperat,</strong></span> <span class='ocrx_word' id='word_1_30' title='bbox 1608 577 1739 620; x_wconf 85' lang='lat' dir='ltr'><strong>partim</strong></span> <span class='ocrx_word' id='word_1_31' title='bbox 1753 578 1860 613; x_wconf 83' lang='lat' dir='ltr'><strong>nouis</strong></span> 
     </span>
     <span class='ocr_line' id='line_1_6' title="bbox 514 630 1860 675; baseline 0 -7"><span class='ocrx_word' id='word_1_32' title='bbox 514 632 682 668; x_wconf 86' lang='lat' dir='ltr'><strong>addendis</strong></span> <span class='ocrx_word' id='word_1_33' title='bbox 695 633 731 666; x_wconf 92' lang='lat' dir='ltr'><strong>et</strong></span> <span class='ocrx_word' id='word_1_34' title='bbox 745 630 963 675; x_wconf 70' lang='lat' dir='ltr'><strong>argumentis</strong></span> <span class='ocrx_word' id='word_1_35' title='bbox 976 630 1215 665; x_wconf 83' lang='lat' dir='ltr'><strong>adscribendis</strong></span> <span class='ocrx_word' id='word_1_36' title='bbox 1228 632 1428 674; x_wconf 86' lang='lat' dir='ltr'><strong>occupatus.</strong></span> <span class='ocrx_word' id='word_1_37' title='bbox 1474 631 1544 665; x_wconf 85' lang='lat' dir='ltr'><strong>Hie</strong></span> <span class='ocrx_word' id='word_1_38' title='bbox 1566 631 1665 665; x_wconf 84' lang='lat' dir='ltr'><strong>labor</strong></span> <span class='ocrx_word' id='word_1_39' title='bbox 1685 642 1760 667; x_wconf 91' lang='lat' dir='ltr'><strong>non</strong></span> <span class='ocrx_word' id='word_1_40' title='bbox 1783 635 1860 668; x_wconf 82' lang='lat' dir='ltr'><strong>erat</strong></span> 
     </span>
    </p>
   </div>
   <div class='ocr_carea' id='block_1_6' title="bbox 514 685 1145 731">
    <p class='ocr_par' dir='ltr' id='par_1_6' title="bbox 514 685 1145 731">
     <span class='ocr_line' id='line_1_7' title="bbox 514 685 1145 731; baseline -0.005 -9"><span class='ocrx_word' id='word_1_41' title='bbox 514 688 669 731; x_wconf 79' lang='lat' dir='ltr'><strong>exiguus.</strong></span> <span class='ocrx_word' id='word_1_42' title='bbox 717 686 872 721; x_wconf 83' lang='lat' dir='ltr'><strong>Accessit</strong></span> <span class='ocrx_word' id='word_1_43' title='bbox 899 686 1001 729; x_wconf 80' lang='lat' dir='ltr'><strong>longe</strong></span> <span class='ocrx_word' id='word_1_44' title='bbox 1025 685 1145 720; x_wconf 87' lang='lat' dir='ltr'><strong>maior.</strong></span> 
     </span>
    </p>
   </div>
   <div class='ocr_carea' id='block_1_7' title="bbox 1204 685 1859 722">
    <p class='ocr_par' dir='ltr' id='par_1_7' title="bbox 1204 685 1859 722">
     <span class='ocr_line' id='line_1_8' title="bbox 1204 685 1859 722; baseline 0.005 -3"><span class='ocrx_word' id='word_1_45' title='bbox 1204 685 1458 719; x_wconf 87' lang='lat' dir='ltr'><strong>Desiderabant</strong></span> <span class='ocrx_word' id='word_1_46' title='bbox 1488 685 1637 720; x_wconf 78' lang='lat' dir='ltr'><strong>studiosi</strong></span> <span class='ocrx_word' id='word_1_47' title='bbox 1661 686 1859 722; x_wconf 82' lang='lat' dir='ltr'><strong>Galliarum</strong></span> 
     </span>
    </p>
   </div>
   <div class='ocr_carea' id='block_1_8' title="bbox 515 739 1858 785">
    <p class='ocr_par' dir='ltr' id='par_1_8' title="bbox 515 739 1858 785">
     <span class='ocr_line' id='line_1_9' title="bbox 515 739 1858 785; baseline 0.001 -10"><span class='ocrx_word' id='word_1_48' title='bbox 515 743 551 775; x_wconf 90' lang='lat' dir='ltr'><strong>et</strong></span> <span class='ocrx_word' id='word_1_49' title='bbox 575 740 841 775; x_wconf 82' lang='lat' dir='ltr'><strong>Germaniarum</strong></span> <span class='ocrx_word' id='word_1_50' title='bbox 865 740 1008 774; x_wconf 75' lang='lat' dir='ltr'><strong>seorsim</strong></span> <span class='ocrx_word' id='word_1_51' title='bbox 1039 739 1117 773; x_wconf 86' lang='lat' dir='ltr'><strong>aedi</strong></span> <span class='ocrx_word' id='word_1_52' title='bbox 1142 739 1285 773; x_wconf 83' lang='lat' dir='ltr'><strong>Nouum</strong></span> <span class='ocrx_word' id='word_1_53' title='bbox 1311 739 1578 773; x_wconf 71' lang='lat' dir='ltr'><strong>Testamentum</strong></span> <span class='ocrx_word' id='word_1_54' title='bbox 1604 740 1741 784; x_wconf 82' lang='lat' dir='ltr'><strong>Graece,</strong></span> <span class='ocrx_word' id='word_1_55' title='bbox 1765 742 1858 785; x_wconf 86' lang='lat' dir='ltr'><strong>quod</strong></span> 
     </span>
    </p>
   </div>
   <div class='ocr_carea' id='block_1_9' title="bbox 449 794 1859 838">
    <p class='ocr_par' dir='ltr' id='par_1_9' title="bbox 449 794 1859 838">
     <span class='ocr_line' id='line_1_10' title="bbox 449 794 1859 838; baseline 0.001 -9"><span class='ocrx_word' id='word_1_56' title='bbox 449 801 503 829; x_wconf 79' lang='lat'><strong>280</strong></span> <span class='ocrx_word' id='word_1_57' title='bbox 515 806 597 829; x_wconf 90' lang='lat' dir='ltr'><strong>cum</strong></span> <span class='ocrx_word' id='word_1_58' title='bbox 620 794 740 829; x_wconf 83' lang='lat' dir='ltr'><strong>Veteri</strong></span> <span class='ocrx_word' id='word_1_59' title='bbox 764 794 922 829; x_wconf 90' lang='lat' dir='ltr'><strong>Venetiis</strong></span> <span class='ocrx_word' id='word_1_60' title='bbox 948 794 1208 829; x_wconf 68' lang='lat' dir='ltr'><strong>coniunxerant.</strong></span> <span class='ocrx_word' id='word_1_61' title='bbox 1257 794 1303 828; x_wconf 90' lang='lat' dir='ltr'><strong>In</strong></span> <span class='ocrx_word' id='word_1_62' title='bbox 1328 794 1363 828; x_wconf 86' lang='lat' dir='ltr'><strong>id</strong></span> <span class='ocrx_word' id='word_1_63' title='bbox 1386 794 1472 828; x_wconf 85' lang='lat' dir='ltr'><strong>olim</strong></span> <span class='ocrx_word' id='word_1_64' title='bbox 1495 795 1679 838; x_wconf 67' lang='lat' dir='ltr'><strong>scripoerat</strong></span> <span class='ocrx_word' id='word_1_65' title='bbox 1699 797 1859 830; x_wconf 81' lang='lat' dir='ltr'><strong>Annota·</strong></span> 
     </span>
    </p>
   </div>
   <div class='ocr_carea' id='block_1_10' title="bbox 513 849 1858 1059">
    <p class='ocr_par' dir='ltr' id='par_1_10' title="bbox 513 849 1858 1059">
     <span class='ocr_line' id='line_1_11' title="bbox 514 849 1858 893; baseline 0.002 -10"><span class='ocrx_word' id='word_1_66' title='bbox 514 850 638 893; x_wconf 85' lang='lat' dir='ltr'><strong>tiones,</strong></span> <span class='ocrx_word' id='word_1_67' title='bbox 665 849 894 884; x_wconf 77' lang='lat' dir='ltr'><strong>Laurentium</strong></span> <span class='ocrx_word' id='word_1_68' title='bbox 920 849 1060 883; x_wconf 75' lang='lat' dir='ltr'><strong>Vallem</strong></span> <span class='ocrx_word' id='word_1_69' title='bbox 1090 849 1257 883; x_wconf 83' lang='lat' dir='ltr'><strong>imitatus.</strong></span> <span class='ocrx_word' id='word_1_70' title='bbox 1313 849 1384 883; x_wconf 86' lang='lat' dir='ltr'><strong>Eas</strong></span> <span class='ocrx_word' id='word_1_71' title='bbox 1413 860 1522 893; x_wconf 83' lang='lat' dir='ltr'><strong>quum</strong></span> <span class='ocrx_word' id='word_1_72' title='bbox 1552 850 1734 893; x_wconf 83' lang='lat' dir='ltr'><strong>reperisset</strong></span> <span class='ocrx_word' id='word_1_73' title='bbox 1764 850 1858 886; x_wconf 87' lang='lat' dir='ltr'><strong>inter</strong></span> 
     </span>
     <span class='ocr_line' id='line_1_12' title="bbox 514 903 1857 948; baseline 0.001 -10"><span class='ocrx_word' id='word_1_74' title='bbox 514 904 659 939; x_wconf 76' lang='lat' dir='ltr'><strong>schedas</strong></span> <span class='ocrx_word' id='word_1_75' title='bbox 694 914 784 946; x_wconf 80' lang='lat' dir='ltr'><strong>suas,</strong></span> <span class='ocrx_word' id='word_1_76' title='bbox 820 903 1050 938; x_wconf 76' lang='lat' dir='ltr'><strong>tumultuarie</strong></span> <span class='ocrx_word' id='word_1_77' title='bbox 1080 903 1282 946; x_wconf 81' lang='lat' dir='ltr'><strong>recognouit</strong></span> <span class='ocrx_word' id='word_1_78' title='bbox 1318 905 1354 937; x_wconf 88' lang='lat' dir='ltr'><strong>et</strong></span> <span class='ocrx_word' id='word_1_79' title='bbox 1391 904 1492 938; x_wconf 87' lang='lat' dir='ltr'><strong>auxit</strong></span> <span class='ocrx_word' id='word_1_80' title='bbox 1530 904 1623 938; x_wconf 87' lang='lat' dir='ltr'><strong>inter</strong></span> <span class='ocrx_word' id='word_1_81' title='bbox 1655 904 1857 948; x_wconf 88' lang='lat' dir='ltr'><strong>praelorum</strong></span> 
     </span>
     <span class='ocr_line' id='line_1_13' title="bbox 514 958 1856 1001; baseline 0.002 -9"><span class='ocrx_word' id='word_1_82' title='bbox 514 958 688 1001; x_wconf 87' lang='lat' dir='ltr'><strong>strepitus.</strong></span> <span class='ocrx_word' id='word_1_83' title='bbox 735 958 809 992; x_wconf 84' lang='lat' dir='ltr'><strong>Nee</strong></span> <span class='ocrx_word' id='word_1_84' title='bbox 824 959 968 992; x_wconf 76' lang='lat' dir='ltr'><strong>deerant</strong></span> <span class='ocrx_word' id='word_1_85' title='bbox 982 958 1042 1001; x_wconf 87' lang='lat' dir='ltr'><strong>qui</strong></span> <span class='ocrx_word' id='word_1_86' title='bbox 1059 958 1177 1001; x_wconf 87' lang='lat' dir='ltr'><strong>ipsum</strong></span> <span class='ocrx_word' id='word_1_87' title='bbox 1193 958 1334 991; x_wconf 81' lang='lat' dir='ltr'><strong>Nouum</strong></span> <span class='ocrx_word' id='word_1_88' title='bbox 1350 958 1614 993; x_wconf 81' lang='lat' dir='ltr'><strong>Testamentum</strong></span> <span class='ocrx_word' id='word_1_89' title='bbox 1637 959 1856 995; x_wconf 86' lang='lat' dir='ltr'><strong>elimandum</strong></span> 
     </span>
     <span class='ocr_line' id='line_1_14' title="bbox 513 1012 1857 1059; baseline 0.001 -12"><span class='ocrx_word' id='word_1_90' title='bbox 513 1015 686 1056; x_wconf 83' lang='lat' dir='ltr'><strong>putarent,</strong></span> <span class='ocrx_word' id='word_1_91' title='bbox 717 1012 823 1056; x_wconf 80' lang='lat' dir='ltr'><strong>vulgo</strong></span> <span class='ocrx_word' id='word_1_92' title='bbox 854 1013 1143 1054; x_wconf 85' lang='lat' dir='ltr'><strong>Christianorum,</strong></span> <span class='ocrx_word' id='word_1_93' title='bbox 1178 1014 1218 1046; x_wconf 88' lang='lat' dir='ltr'><strong>vt</strong></span> <span class='ocrx_word' id='word_1_94' title='bbox 1251 1012 1398 1055; x_wconf 85' lang='lat' dir='ltr'><strong>videtur,</strong></span> <span class='ocrx_word' id='word_1_95' title='bbox 1432 1013 1604 1056; x_wconf 89' lang='lat' dir='ltr'><strong>scriptum</strong></span> <span class='ocrx_word' id='word_1_96' title='bbox 1642 1014 1700 1048; x_wconf 86' lang='lat' dir='ltr'><strong>vel</strong></span> <span class='ocrx_word' id='word_1_97' title='bbox 1739 1015 1857 1059; x_wconf 86' lang='lat' dir='ltr'><strong>potius</strong></span> 
     </span>
    </p>
   </div>
   <div class='ocr_carea' id='block_1_11' title="bbox 448 1068 1607 1111">
    <p class='ocr_par' dir='ltr' id='par_1_11' title="bbox 448 1068 1607 1111">
     <span class='ocr_line' id='line_1_15' title="bbox 448 1068 1607 1111; baseline 0.003 -12"><span class='ocrx_word' id='word_1_98' title='bbox 448 1072 500 1108; x_wconf 82' lang='lat'><strong>285</strong></span> <span class='ocrx_word' id='word_1_99' title='bbox 513 1078 663 1102; x_wconf 86' lang='lat' dir='ltr'><strong>versum.</strong></span> <span class='ocrx_word' id='word_1_100' title='bbox 713 1068 761 1101; x_wconf 86' lang='lat' dir='ltr'><strong>Et</strong></span> <span class='ocrx_word' id='word_1_101' title='bbox 782 1069 865 1102; x_wconf 83' lang='lat' dir='ltr'><strong>haec</strong></span> <span class='ocrx_word' id='word_1_102' title='bbox 884 1068 1111 1102; x_wconf 87' lang='lat' dir='ltr'><strong>monentibus</strong></span> <span class='ocrx_word' id='word_1_103' title='bbox 1129 1079 1193 1111; x_wconf 89' lang='lat' dir='ltr'><strong>pro</strong></span> <span class='ocrx_word' id='word_1_104' title='bbox 1214 1079 1276 1102; x_wconf 84' lang='lat' dir='ltr'><strong>sua</strong></span> <span class='ocrx_word' id='word_1_105' title='bbox 1292 1068 1459 1101; x_wconf 74' lang='lat' dir='ltr'><strong>facilitate</strong></span> <span class='ocrx_word' id='word_1_106' title='bbox 1479 1068 1607 1111; x_wconf 79' lang='lat' dir='ltr'><strong>paruit.</strong></span> 
     </span>
    </p>
   </div>
   <div class='ocr_carea' id='block_1_12' title="bbox 1652 1069 1855 1105">
    <p class='ocr_par' dir='ltr' id='par_1_12' title="bbox 1652 1069 1855 1105">
     <span class='ocr_line' id='line_1_16' title="bbox 1652 1069 1855 1105; baseline 0.015 -3"><span class='ocrx_word' id='word_1_107' title='bbox 1652 1069 1760 1103; x_wconf 84' lang='lat' dir='ltr'><strong>Hunc</strong></span> <span class='ocrx_word' id='word_1_108' title='bbox 1774 1081 1855 1105; x_wconf 82' lang='lat' dir='ltr'><strong>vero</strong></span> 
     </span>
    </p>
   </div>
   <div class='ocr_carea' id='block_1_13' title="bbox 513 1122 1855 1329">
    <p class='ocr_par' dir='ltr' id='par_1_13' title="bbox 513 1122 1855 1329">
     <span class='ocr_line' id='line_1_17' title="bbox 513 1122 1855 1171; baseline 0.002 -14"><span class='ocrx_word' id='word_1_109' title='bbox 513 1122 665 1157; x_wconf 85' lang='lat' dir='ltr'><strong>laborem</strong></span> <span class='ocrx_word' id='word_1_110' title='bbox 681 1123 790 1156; x_wconf 85' lang='lat' dir='ltr'><strong>Leoni</strong></span> <span class='ocrx_word' id='word_1_111' title='bbox 809 1134 832 1171; x_wconf 66' lang='lat' dir='ltr'><strong>:r</strong></span> <span class='ocrx_word' id='word_1_112' title='bbox 848 1123 952 1156; x_wconf 89' lang='lat' dir='ltr'><strong>Pont.</strong></span> <span class='ocrx_word' id='word_1_113' title='bbox 970 1123 1060 1156; x_wconf 78' lang='lat' dir='ltr'><strong>Max.</strong></span> <span class='ocrx_word' id='word_1_114' title='bbox 1079 1123 1266 1166; x_wconf 79' lang='lat' dir='ltr'><strong>inscripsit,</strong></span> <span class='ocrx_word' id='word_1_115' title='bbox 1285 1124 1321 1156; x_wconf 87' lang='lat' dir='ltr'><strong>et</strong></span> <span class='ocrx_word' id='word_1_116' title='bbox 1335 1123 1476 1166; x_wconf 90' lang='lat' dir='ltr'><strong>quidem</strong></span> <span class='ocrx_word' id='word_1_117' title='bbox 1500 1123 1626 1157; x_wconf 88' lang='lat' dir='ltr'><strong>merito</strong></span> <span class='ocrx_word' id='word_1_118' title='bbox 1647 1124 1855 1167; x_wconf 84' lang='lat' dir='ltr'><strong>primarium</strong></span> 
     </span>
     <span class='ocr_line' id='line_1_18' title="bbox 514 1177 1855 1222; baseline 0.002 -11"><span class='ocrx_word' id='word_1_119' title='bbox 514 1179 654 1211; x_wconf 88' lang='lat' dir='ltr'><strong>nostrae</strong></span> <span class='ocrx_word' id='word_1_120' title='bbox 684 1177 862 1220; x_wconf 75' lang='lat' dir='ltr'><strong>religionis</strong></span> <span class='ocrx_word' id='word_1_121' title='bbox 898 1177 1176 1211; x_wconf 80' lang='lat' dir='ltr'><strong>instrumentum</strong></span> <span class='ocrx_word' id='word_1_122' title='bbox 1214 1187 1353 1211; x_wconf 90' lang='lat' dir='ltr'><strong>summo</strong></span> <span class='ocrx_word' id='word_1_123' title='bbox 1390 1177 1546 1211; x_wconf 89' lang='lat' dir='ltr'><strong>eiusdem</strong></span> <span class='ocrx_word' id='word_1_124' title='bbox 1577 1179 1740 1222; x_wconf 77' lang='lat' dir='ltr'><strong>praesidi.</strong></span> <span class='ocrx_word' id='word_1_125' title='bbox 1804 1181 1855 1215; x_wconf 78' lang='lat' dir='ltr'><strong>At</strong></span> 
     </span>
     <span class='ocr_line' id='line_1_19' title="bbox 513 1231 1854 1278; baseline 0.001 -12"><span class='ocrx_word' id='word_1_126' title='bbox 513 1232 870 1274; x_wconf 80' lang='lat' dir='ltr'><strong>Hieronymianorum</strong></span> <span class='ocrx_word' id='word_1_127' title='bbox 886 1243 1030 1275; x_wconf 86' lang='lat' dir='ltr'><strong>operum</strong></span> <span class='ocrx_word' id='word_1_128' title='bbox 1050 1231 1321 1275; x_wconf 81' lang='lat' dir='ltr'><strong>recognitionem</strong></span> <span class='ocrx_word' id='word_1_129' title='bbox 1336 1231 1576 1266; x_wconf 86' lang='lat' dir='ltr'><strong>Cantuariensi</strong></span> <span class='ocrx_word' id='word_1_130' title='bbox 1596 1233 1854 1278; x_wconf 81' lang='lat' dir='ltr'><strong>archiepiscopo</strong></span> 
     </span>
     <span class='ocr_line' id='line_1_20' title="bbox 513 1286 1851 1329; baseline 0.004 -10"><span class='ocrx_word' id='word_1_131' title='bbox 513 1286 690 1320; x_wconf 87' lang='lat' dir='ltr'><strong>Vuaramo</strong></span> <span class='ocrx_word' id='word_1_132' title='bbox 699 1286 919 1328; x_wconf 86' lang='lat' dir='ltr'><strong>consecrauit,</strong></span> <span class='ocrx_word' id='word_1_133' title='bbox 932 1289 1112 1320; x_wconf 77' lang='lat' dir='ltr'><strong>aeternum</strong></span> <span class='ocrx_word' id='word_1_134' title='bbox 1125 1286 1366 1320; x_wconf 86' lang='lat' dir='ltr'><strong>obseruantiae</strong></span> <span class='ocrx_word' id='word_1_135' title='bbox 1377 1286 1564 1329; x_wconf 81' lang='lat' dir='ltr'><strong>singularis</strong></span> <span class='ocrx_word' id='word_1_136' title='bbox 1572 1291 1851 1324; x_wconf 78' lang='lat' dir='ltr'><strong>monumentum.</strong></span> 
     </span>
    </p>
   </div>
   <div class='ocr_carea' id='block_1_14' title="bbox 448 1341 1853 1385">
    <p class='ocr_par' dir='ltr' id='par_1_14' title="bbox 448 1341 1853 1385">
     <span class='ocr_line' id='line_1_21' title="bbox 448 1341 1853 1385; baseline 0.003 -12"><span class='ocrx_word' id='word_1_137' title='bbox 448 1353 501 1382; x_wconf 86' lang='lat'><strong>290</strong></span> <span class='ocrx_word' id='word_1_138' title='bbox 559 1341 679 1375; x_wconf 84' lang='lat' dir='ltr'><strong>Rediit</strong></span> <span class='ocrx_word' id='word_1_139' title='bbox 705 1342 785 1374; x_wconf 82' lang='lat' dir='ltr'><strong>tum</strong></span> <span class='ocrx_word' id='word_1_140' title='bbox 815 1341 853 1374; x_wconf 88' lang='lat' dir='ltr'><strong>in</strong></span> <span class='ocrx_word' id='word_1_141' title='bbox 880 1341 1082 1374; x_wconf 84' lang='lat' dir='ltr'><strong>inferiorem</strong></span> <span class='ocrx_word' id='word_1_142' title='bbox 1111 1341 1337 1375; x_wconf 84' lang='lat' dir='ltr'><strong>Germaniam</strong></span> <span class='ocrx_word' id='word_1_143' title='bbox 1364 1343 1505 1384; x_wconf 86' lang='lat' dir='ltr'><strong>propter</strong></span> <span class='ocrx_word' id='word_1_144' title='bbox 1535 1341 1683 1385; x_wconf 78' lang='lat' dir='ltr'><strong>negocia,</strong></span> <span class='ocrx_word' id='word_1_145' title='bbox 1709 1353 1750 1377; x_wconf 84' lang='lat' dir='ltr'><strong>ac</strong></span> <span class='ocrx_word' id='word_1_146' title='bbox 1782 1353 1853 1377; x_wconf 89' lang='lat' dir='ltr'><strong>non</strong></span> 
     </span>
    </p>
   </div>
   <div class='ocr_carea' id='block_1_15' title="bbox 511 1395 1854 1603">
    <p class='ocr_par' dir='ltr' id='par_1_15' title="bbox 511 1395 1854 1603">
     <span class='ocr_line' id='line_1_22' title="bbox 511 1395 1854 1441; baseline 0.003 -13"><span class='ocrx_word' id='word_1_147' title='bbox 511 1395 563 1429; x_wconf 87' lang='lat' dir='ltr'><strong>ita</strong></span> <span class='ocrx_word' id='word_1_148' title='bbox 593 1396 655 1430; x_wconf 87' lang='lat' dir='ltr'><strong>diu</strong></span> <span class='ocrx_word' id='word_1_149' title='bbox 684 1397 764 1439; x_wconf 85' lang='lat' dir='ltr'><strong>post</strong></span> <span class='ocrx_word' id='word_1_150' title='bbox 793 1396 836 1429; x_wconf 88' lang='lat' dir='ltr'><strong>ad</strong></span> <span class='ocrx_word' id='word_1_151' title='bbox 864 1407 929 1429; x_wconf 88' lang='lat' dir='ltr'><strong>nos</strong></span> <span class='ocrx_word' id='word_1_152' title='bbox 955 1406 1112 1429; x_wconf 87' lang='lat' dir='ltr'><strong>reuersus</strong></span> <span class='ocrx_word' id='word_1_153' title='bbox 1143 1395 1364 1428; x_wconf 86' lang='lat' dir='ltr'><strong>commodum</strong></span> <span class='ocrx_word' id='word_1_154' title='bbox 1395 1395 1478 1429; x_wconf 88' lang='lat' dir='ltr'><strong>illuc</strong></span> <span class='ocrx_word' id='word_1_155' title='bbox 1508 1398 1710 1438; x_wconf 83' lang='lat' dir='ltr'><strong>recurrerat,</strong></span> <span class='ocrx_word' id='word_1_156' title='bbox 1744 1408 1854 1441; x_wconf 83' lang='lat' dir='ltr'><strong>quum</strong></span> 
     </span>
     <span class='ocr_line' id='line_1_23' title="bbox 513 1449 1850 1494; baseline 0.001 -10"><span class='ocrx_word' id='word_1_157' title='bbox 513 1450 672 1484; x_wconf 77' lang='lat' dir='ltr'><strong>Maiestas</strong></span> <span class='ocrx_word' id='word_1_158' title='bbox 693 1452 755 1484; x_wconf 83' lang='lat' dir='ltr'><strong>tua</strong></span> <span class='ocrx_word' id='word_1_159' title='bbox 779 1450 929 1484; x_wconf 85' lang='lat' dir='ltr'><strong>Romani</strong></span> <span class='ocrx_word' id='word_1_160' title='bbox 951 1450 1096 1493; x_wconf 87' lang='lat' dir='ltr'><strong>Imperii</strong></span> <span class='ocrx_word' id='word_1_161' title='bbox 1119 1449 1278 1490; x_wconf 80' lang='lat' dir='ltr'><strong>fascibus,</strong></span> <span class='ocrx_word' id='word_1_162' title='bbox 1305 1449 1403 1483; x_wconf 88' lang='lat' dir='ltr'><strong>cuius</strong></span> <span class='ocrx_word' id='word_1_163' title='bbox 1421 1450 1522 1484; x_wconf 88' lang='lat' dir='ltr'><strong>nobis</strong></span> <span class='ocrx_word' id='word_1_164' title='bbox 1543 1450 1588 1485; x_wconf 86' lang='lat' dir='ltr'><strong>ab</strong></span> <span class='ocrx_word' id='word_1_165' title='bbox 1610 1451 1698 1494; x_wconf 80' lang='lat' dir='ltr'><strong>ipsis</strong></span> <span class='ocrx_word' id='word_1_166' title='bbox 1713 1451 1850 1493; x_wconf 78' lang='lat' dir='ltr'><strong>Gothis,</strong></span> 
     </span>
     <span class='ocr_line' id='line_1_24' title="bbox 513 1504 1854 1550; baseline 0.001 -11"><span class='ocrx_word' id='word_1_167' title='bbox 513 1505 752 1539; x_wconf 80' lang='lat' dir='ltr'><strong>Theodoricho</strong></span> <span class='ocrx_word' id='word_1_168' title='bbox 781 1505 845 1539; x_wconf 91' lang='lat' dir='ltr'><strong>illo</strong></span> <span class='ocrx_word' id='word_1_169' title='bbox 874 1504 1067 1539; x_wconf 85' lang='lat' dir='ltr'><strong>Veronensi</strong></span> <span class='ocrx_word' id='word_1_170' title='bbox 1099 1505 1136 1537; x_wconf 85' lang='lat' dir='ltr'><strong>et</strong></span> <span class='ocrx_word' id='word_1_171' title='bbox 1174 1504 1324 1546; x_wconf 86' lang='lat' dir='ltr'><strong>caeteris,</strong></span> <span class='ocrx_word' id='word_1_172' title='bbox 1366 1504 1566 1548; x_wconf 82' lang='lat' dir='ltr'><strong>antiquitas,</strong></span> <span class='ocrx_word' id='word_1_173' title='bbox 1603 1505 1695 1548; x_wconf 89' lang='lat' dir='ltr'><strong>apud</strong></span> <span class='ocrx_word' id='word_1_174' title='bbox 1734 1507 1854 1550; x_wconf 67' lang='lat' dir='ltr'><strong>Aquas</strong></span> 
     </span>
     <span class='ocr_line' id='line_1_25' title="bbox 513 1558 1853 1603; baseline 0.001 -10"><span class='ocrx_word' id='word_1_175' title='bbox 513 1559 623 1594; x_wconf 82' lang='lat' dir='ltr'><strong>Grani</strong></span> <span class='ocrx_word' id='word_1_176' title='bbox 636 1560 911 1603; x_wconf 83' lang='lat' dir='ltr'><strong>inauguraretur.</strong></span> <span class='ocrx_word' id='word_1_177' title='bbox 960 1558 1042 1592; x_wconf 78' lang='lat' dir='ltr'><strong>Mox</strong></span> <span class='ocrx_word' id='word_1_178' title='bbox 1057 1558 1221 1592; x_wconf 78' lang='lat' dir='ltr'><strong>Coloniae</strong></span> <span class='ocrx_word' id='word_1_179' title='bbox 1236 1558 1404 1592; x_wconf 88' lang='lat' dir='ltr'><strong>Vbiorum</strong></span> <span class='ocrx_word' id='word_1_180' title='bbox 1424 1559 1538 1593; x_wconf 82' lang='lat' dir='ltr'><strong>adfuit</strong></span> <span class='ocrx_word' id='word_1_181' title='bbox 1554 1558 1621 1593; x_wconf 87' lang='lat' dir='ltr'><strong>sub</strong></span> <span class='ocrx_word' id='word_1_182' title='bbox 1640 1562 1853 1595; x_wconf 85' lang='lat' dir='ltr'><strong>conuentum</strong></span> 
     </span>
    </p>
   </div>
   <div class='ocr_carea' id='block_1_16' title="bbox 448 1613 1853 1658">
    <p class='ocr_par' dir='ltr' id='par_1_16' title="bbox 448 1613 1853 1658">
     <span class='ocr_line' id='line_1_26' title="bbox 448 1613 1853 1658; baseline 0.004 -13"><span class='ocrx_word' id='word_1_183' title='bbox 448 1624 499 1653; x_wconf 84' lang='lat'><strong>295</strong></span> <span class='ocrx_word' id='word_1_184' title='bbox 513 1613 827 1655; x_wconf 87' lang='lat' dir='ltr'><strong>Vuormaciensem,</strong></span> <span class='ocrx_word' id='word_1_185' title='bbox 845 1614 882 1647; x_wconf 89' lang='lat' dir='ltr'><strong>in</strong></span> <span class='ocrx_word' id='word_1_186' title='bbox 898 1613 1019 1647; x_wconf 87' lang='lat' dir='ltr'><strong>ordine</strong></span> <span class='ocrx_word' id='word_1_187' title='bbox 1034 1623 1155 1646; x_wconf 89' lang='lat' dir='ltr'><strong>eorum</strong></span> <span class='ocrx_word' id='word_1_188' title='bbox 1169 1613 1230 1656; x_wconf 89' lang='lat' dir='ltr'><strong>qui</strong></span> <span class='ocrx_word' id='word_1_189' title='bbox 1242 1613 1308 1646; x_wconf 89' lang='lat' dir='ltr'><strong>tibi</strong></span> <span class='ocrx_word' id='word_1_190' title='bbox 1323 1615 1408 1647; x_wconf 89' lang='lat' dir='ltr'><strong>sunt</strong></span> <span class='ocrx_word' id='word_1_191' title='bbox 1422 1624 1443 1646; x_wconf 87' lang='lat' dir='ltr'><strong>a</strong></span> <span class='ocrx_word' id='word_1_192' title='bbox 1457 1613 1613 1648; x_wconf 88' lang='lat' dir='ltr'><strong>consiliis</strong></span> <span class='ocrx_word' id='word_1_193' title='bbox 1631 1615 1853 1658; x_wconf 48' lang='lat' dir='ltr'><strong>spectabili„</strong></span> 
     </span>
    </p>
   </div>
   <div class='ocr_carea' id='block_1_17' title="bbox 512 1667 1854 1877">
    <p class='ocr_par' dir='ltr' id='par_1_17' title="bbox 512 1667 1854 1877">
     <span class='ocr_line' id='line_1_27' title="bbox 513 1667 1851 1713; baseline 0.001 -10"><span class='ocrx_word' id='word_1_194' title='bbox 513 1679 597 1703; x_wconf 89' lang='lat' dir='ltr'><strong>nam</strong></span> <span class='ocrx_word' id='word_1_195' title='bbox 620 1668 659 1702; x_wconf 88' lang='lat' dir='ltr'><strong>in</strong></span> <span class='ocrx_word' id='word_1_196' title='bbox 681 1668 809 1702; x_wconf 86' lang='lat' dir='ltr'><strong>horum</strong></span> <span class='ocrx_word' id='word_1_197' title='bbox 831 1669 970 1702; x_wconf 89' lang='lat' dir='ltr'><strong>coetum</strong></span> <span class='ocrx_word' id='word_1_198' title='bbox 993 1667 1199 1710; x_wconf 86' lang='lat' dir='ltr'><strong>iampridem</strong></span> <span class='ocrx_word' id='word_1_199' title='bbox 1222 1678 1243 1700; x_wconf 89' lang='lat' dir='ltr'><strong>a</strong></span> <span class='ocrx_word' id='word_1_200' title='bbox 1264 1669 1301 1701; x_wconf 91' lang='lat' dir='ltr'><strong>te</strong></span> <span class='ocrx_word' id='word_1_201' title='bbox 1322 1668 1593 1711; x_wconf 84' lang='lat' dir='ltr'><strong>prudentissime</strong></span> <span class='ocrx_word' id='word_1_202' title='bbox 1616 1671 1692 1704; x_wconf 87' lang='lat' dir='ltr'><strong>erat</strong></span> <span class='ocrx_word' id='word_1_203' title='bbox 1713 1669 1851 1713; x_wconf 82' lang='lat' dir='ltr'><strong>ascitus,</strong></span> 
     </span>
     <span class='ocr_line' id='line_1_28' title="bbox 512 1722 1854 1766; baseline 0.002 -10"><span class='ocrx_word' id='word_1_204' title='bbox 512 1723 625 1757; x_wconf 82' lang='lat' dir='ltr'><strong>adhuc</strong></span> <span class='ocrx_word' id='word_1_205' title='bbox 667 1723 811 1756; x_wconf 82' lang='lat' dir='ltr'><strong>viuente</strong></span> <span class='ocrx_word' id='word_1_206' title='bbox 850 1723 983 1756; x_wconf 87' lang='lat' dir='ltr'><strong>Ioanne</strong></span> <span class='ocrx_word' id='word_1_207' title='bbox 1027 1722 1191 1765; x_wconf 73' lang='lat' dir='ltr'><strong>Syluagio</strong></span> <span class='ocrx_word' id='word_1_208' title='bbox 1233 1722 1432 1766; x_wconf 87' lang='lat' dir='ltr'><strong>summique</strong></span> <span class='ocrx_word' id='word_1_209' title='bbox 1477 1723 1680 1757; x_wconf 86' lang='lat' dir='ltr'><strong>Cancellarii</strong></span> <span class='ocrx_word' id='word_1_210' title='bbox 1720 1735 1854 1759; x_wconf 86' lang='lat' dir='ltr'><strong>munus</strong></span> 
     </span>
     <span class='ocr_line' id='line_1_29' title="bbox 512 1777 1849 1823; baseline 0.001 -11"><span class='ocrx_word' id='word_1_211' title='bbox 512 1778 673 1813; x_wconf 70' lang='lat' dir='ltr'><strong>obeunte.</strong></span> <span class='ocrx_word' id='word_1_212' title='bbox 720 1778 852 1812; x_wconf 82' lang='lat' dir='ltr'><strong>Solutis</strong></span> <span class='ocrx_word' id='word_1_213' title='bbox 874 1777 1024 1811; x_wconf 84' lang='lat' dir='ltr'><strong>comitiis</strong></span> <span class='ocrx_word' id='word_1_214' title='bbox 1050 1777 1275 1820; x_wconf 84' lang='lat' dir='ltr'><strong>Vangionum</strong></span> <span class='ocrx_word' id='word_1_215' title='bbox 1302 1779 1338 1811; x_wconf 84' lang='lat' dir='ltr'><strong>et</strong></span> <span class='ocrx_word' id='word_1_216' title='bbox 1363 1777 1447 1811; x_wconf 80' lang='lat' dir='ltr'><strong>vrbe</strong></span> <span class='ocrx_word' id='word_1_217' title='bbox 1470 1777 1680 1811; x_wconf 74' lang='lat' dir='ltr'><strong>&#39;l&#39;ornacensi</strong></span> <span class='ocrx_word' id='word_1_218' title='bbox 1702 1780 1849 1823; x_wconf 80' lang='lat' dir='ltr'><strong>recepta,</strong></span> 
     </span>
     <span class='ocr_line' id='line_1_30' title="bbox 512 1831 1853 1877; baseline 0.001 -10"><span class='ocrx_word' id='word_1_219' title='bbox 512 1844 621 1877; x_wconf 88' lang='lat' dir='ltr'><strong>quum</strong></span> <span class='ocrx_word' id='word_1_220' title='bbox 636 1833 675 1866; x_wconf 89' lang='lat' dir='ltr'><strong>in</strong></span> <span class='ocrx_word' id='word_1_221' title='bbox 686 1832 875 1876; x_wconf 85' lang='lat' dir='ltr'><strong>Hispanias</strong></span> <span class='ocrx_word' id='word_1_222' title='bbox 888 1843 931 1866; x_wconf 85' lang='lat' dir='ltr'><strong>ex</strong></span> <span class='ocrx_word' id='word_1_223' title='bbox 941 1831 1132 1866; x_wconf 85' lang='lat' dir='ltr'><strong>Brabantia</strong></span> <span class='ocrx_word' id='word_1_224' title='bbox 1142 1831 1303 1865; x_wconf 81' lang='lat' dir='ltr'><strong>Maiestas</strong></span> <span class='ocrx_word' id='word_1_225' title='bbox 1318 1833 1379 1865; x_wconf 90' lang='lat' dir='ltr'><strong>tua</strong></span> <span class='ocrx_word' id='word_1_226' title='bbox 1393 1833 1484 1866; x_wconf 88' lang='lat' dir='ltr'><strong>esset</strong></span> <span class='ocrx_word' id='word_1_227' title='bbox 1498 1843 1660 1876; x_wconf 78' lang='lat' dir='ltr'><strong>regressa,</strong></span> <span class='ocrx_word' id='word_1_228' title='bbox 1675 1832 1853 1868; x_wconf 86' lang='lat' dir='ltr'><strong>Basileam</strong></span> 
     </span>
    </p>
   </div>
   <div class='ocr_carea' id='block_1_18' title="bbox 447 1886 1853 1931">
    <p class='ocr_par' dir='ltr' id='par_1_18' title="bbox 447 1886 1853 1931">
     <span class='ocr_line' id='line_1_31' title="bbox 447 1886 1853 1931; baseline 0.001 -11"><span class='ocrx_word' id='word_1_229' title='bbox 447 1899 499 1926; x_wconf 85' lang='lat'><strong>300</strong></span> <span class='ocrx_word' id='word_1_230' title='bbox 510 1888 650 1931; x_wconf 83' lang='lat' dir='ltr'><strong>repetiit</strong></span> <span class='ocrx_word' id='word_1_231' title='bbox 660 1887 827 1921; x_wconf 77' lang='lat' dir='ltr'><strong>Erasmus</strong></span> <span class='ocrx_word' id='word_1_232' title='bbox 839 1887 966 1921; x_wconf 84' lang='lat' dir='ltr'><strong>iterum</strong></span> <span class='ocrx_word' id='word_1_233' title='bbox 977 1886 1153 1920; x_wconf 81' lang='lat' dir='ltr'><strong>aediturus</strong></span> <span class='ocrx_word' id='word_1_234' title='bbox 1164 1886 1377 1929; x_wconf 85' lang='lat' dir='ltr'><strong>Adagiorum</strong></span> <span class='ocrx_word' id='word_1_235' title='bbox 1389 1886 1564 1920; x_wconf 81' lang='lat' dir='ltr'><strong>Chiliadas</strong></span> <span class='ocrx_word' id='word_1_236' title='bbox 1574 1888 1609 1921; x_wconf 87' lang='lat' dir='ltr'><strong>et</strong></span> <span class='ocrx_word' id='word_1_237' title='bbox 1621 1887 1853 1930; x_wconf 83' lang='lat' dir='ltr'><strong>Paraphrsses</strong></span> 
     </span>
    </p>
   </div>
   <div class='ocr_carea' id='block_1_19' title="bbox 510 1941 1854 2040">
    <p class='ocr_par' dir='ltr' id='par_1_19' title="bbox 510 1941 1854 2040">
     <span class='ocr_line' id='line_1_32' title="bbox 512 1941 1854 1986; baseline 0.001 -10"><span class='ocrx_word' id='word_1_238' title='bbox 512 1942 678 1976; x_wconf 81' lang='lat' dir='ltr'><strong>Paulinae</strong></span> <span class='ocrx_word' id='word_1_239' title='bbox 698 1944 802 1986; x_wconf 83' lang='lat' dir='ltr'><strong>atque</strong></span> <span class='ocrx_word' id='word_1_240' title='bbox 816 1941 1044 1985; x_wconf 76' lang='lat' dir='ltr'><strong>Euangelicas</strong></span> <span class='ocrx_word' id='word_1_241' title='bbox 1061 1941 1301 1981; x_wconf 82' lang='lat' dir='ltr'><strong>absoluturus3</strong></span> <span class='ocrx_word' id='word_1_242' title='bbox 1327 1951 1413 1984; x_wconf 85' lang='lat' dir='ltr'><strong>quas</strong></span> <span class='ocrx_word' id='word_1_243' title='bbox 1433 1941 1579 1975; x_wconf 90' lang='lat' dir='ltr'><strong>dubium</strong></span> <span class='ocrx_word' id='word_1_244' title='bbox 1600 1943 1653 1975; x_wconf 89' lang='lat' dir='ltr'><strong>est</strong></span> <span class='ocrx_word' id='word_1_245' title='bbox 1674 1942 1854 1977; x_wconf 89' lang='lat' dir='ltr'><strong>maiorene</strong></span> 
     </span>
     <span class='ocr_line' id='line_1_33' title="bbox 510 1995 1853 2040; baseline -0.001 -10"><span class='ocrx_word' id='word_1_246' title='bbox 510 1996 745 2030; x_wconf 84' lang='lat' dir='ltr'><strong>studiosorum</strong></span> <span class='ocrx_word' id='word_1_247' title='bbox 781 1997 949 2039; x_wconf 87' lang='lat' dir='ltr'><strong>applausu</strong></span> <span class='ocrx_word' id='word_1_248' title='bbox 988 1996 1082 2030; x_wconf 86' lang='lat' dir='ltr'><strong>orbis</strong></span> <span class='ocrx_word' id='word_1_249' title='bbox 1117 1995 1290 2038; x_wconf 83' lang='lat' dir='ltr'><strong>exceperit</strong></span> <span class='ocrx_word' id='word_1_250' title='bbox 1322 2005 1369 2029; x_wconf 86' lang='lat' dir='ltr'><strong>an</strong></span> <span class='ocrx_word' id='word_1_251' title='bbox 1408 1995 1530 2029; x_wconf 86' lang='lat' dir='ltr'><strong>maiori</strong></span> <span class='ocrx_word' id='word_1_252' title='bbox 1567 1995 1743 2030; x_wconf 82' lang='lat' dir='ltr'><strong>alacritate</strong></span> <span class='ocrx_word' id='word_1_253' title='bbox 1776 1996 1853 2040; x_wconf 86' lang='lat' dir='ltr'><strong>ipse</strong></span> 
     </span>
    </p>
   </div>
   <div class='ocr_carea' id='block_1_20' title="bbox 511 2050 694 2093">
    <p class='ocr_par' dir='ltr' id='par_1_20' title="bbox 511 2050 694 2093">
     <span class='ocr_line' id='line_1_34' title="bbox 511 2050 694 2093; baseline 0.005 -9"><span class='ocrx_word' id='word_1_254' title='bbox 511 2050 694 2093; x_wconf 86' lang='lat' dir='ltr'><strong>scripserit.</strong></span> 
     </span>
    </p>
   </div>
   <div class='ocr_carea' id='block_1_21' title="bbox 760 2050 1528 2094">
    <p class='ocr_par' dir='ltr' id='par_1_21' title="bbox 760 2050 1528 2094">
     <span class='ocr_line' id='line_1_35' title="bbox 760 2050 1528 2094; baseline -0.003 -10"><span class='ocrx_word' id='word_1_255' title='bbox 760 2051 851 2085; x_wconf 84' lang='lat' dir='ltr'><strong>‘Hic</strong></span> <span class='ocrx_word' id='word_1_256' title='bbox 889 2051 988 2084; x_wconf 86' lang='lat' dir='ltr'><strong>sum’</strong></span> <span class='ocrx_word' id='word_1_257' title='bbox 1025 2050 1140 2094; x_wconf 88' lang='lat' dir='ltr'><strong>inquit</strong></span> <span class='ocrx_word' id='word_1_258' title='bbox 1171 2050 1230 2083; x_wconf 89' lang='lat' dir='ltr'><strong>‘in</strong></span> <span class='ocrx_word' id='word_1_259' title='bbox 1269 2060 1347 2083; x_wconf 88' lang='lat' dir='ltr'><strong>meo</strong></span> <span class='ocrx_word' id='word_1_260' title='bbox 1383 2050 1528 2092; x_wconf 87' lang='lat' dir='ltr'><strong>campo.’</strong></span> 
     </span>
    </p>
   </div>
   <div class='ocr_carea' id='block_1_22' title="bbox 1590 2049 1849 2086">
    <p class='ocr_par' dir='ltr' id='par_1_22' title="bbox 1590 2049 1849 2086">
     <span class='ocr_line' id='line_1_36' title="bbox 1590 2049 1849 2086; baseline 0.008 -2"><span class='ocrx_word' id='word_1_261' title='bbox 1590 2049 1637 2084; x_wconf 86' lang='lat' dir='ltr'><strong>Et</strong></span> <span class='ocrx_word' id='word_1_262' title='bbox 1674 2049 1725 2084; x_wconf 86' lang='lat' dir='ltr'><strong>sie</strong></span> <span class='ocrx_word' id='word_1_263' title='bbox 1763 2052 1849 2086; x_wconf 82' lang='lat' dir='ltr'><strong>erat.</strong></span> 
     </span>
    </p>
   </div>
   <div class='ocr_carea' id='block_1_23' title="bbox 512 2104 1850 2147">
    <p class='ocr_par' dir='ltr' id='par_1_23' title="bbox 512 2104 1850 2147">
     <span class='ocr_line' id='line_1_37' title="bbox 512 2104 1850 2147; baseline 0 -9"><span class='ocrx_word' id='word_1_264' title='bbox 512 2104 720 2147; x_wconf 79' lang='lat' dir='ltr'><strong>Inspiciebat</strong></span> <span class='ocrx_word' id='word_1_265' title='bbox 758 2107 894 2138; x_wconf 84' lang='lat' dir='ltr'><strong>veteres</strong></span> <span class='ocrx_word' id='word_1_266' title='bbox 930 2105 1083 2138; x_wconf 84' lang='lat' dir='ltr'><strong>maxime</strong></span> <span class='ocrx_word' id='word_1_267' title='bbox 1120 2105 1335 2147; x_wconf 79' lang='lat' dir='ltr'><strong>interpretes,</strong></span> <span class='ocrx_word' id='word_1_268' title='bbox 1368 2115 1412 2138; x_wconf 87' lang='lat' dir='ltr'><strong>ex</strong></span> <span class='ocrx_word' id='word_1_269' title='bbox 1450 2104 1578 2137; x_wconf 85' lang='lat' dir='ltr'><strong>nostris</strong></span> <span class='ocrx_word' id='word_1_270' title='bbox 1611 2105 1850 2147; x_wconf 81' lang='lat' dir='ltr'><strong>Ambrosium,</strong></span> 
     </span>
    </p>
   </div>
   <div class='ocr_carea' id='block_1_24' title="bbox 445 2158 1854 2203">
    <p class='ocr_par' dir='ltr' id='par_1_24' title="bbox 445 2158 1854 2203">
     <span class='ocr_line' id='line_1_38' title="bbox 445 2158 1854 2203; baseline -0.001 -8"><span class='ocrx_word' id='word_1_271' title='bbox 445 2167 498 2195; x_wconf 82' lang='lat'><strong>305</strong></span> <span class='ocrx_word' id='word_1_272' title='bbox 512 2159 781 2202; x_wconf 79' lang='lat' dir='ltr'><strong>Hieronymum,</strong></span> <span class='ocrx_word' id='word_1_273' title='bbox 810 2159 1061 2203; x_wconf 74' lang='lat' dir='ltr'><strong>Augustinum,</strong></span> <span class='ocrx_word' id='word_1_274' title='bbox 1096 2159 1283 2200; x_wconf 85' lang='lat' dir='ltr'><strong>Hilarium,</strong></span> <span class='ocrx_word' id='word_1_275' title='bbox 1318 2170 1361 2192; x_wconf 87' lang='lat' dir='ltr'><strong>ex</strong></span> <span class='ocrx_word' id='word_1_276' title='bbox 1392 2158 1532 2192; x_wconf 86' lang='lat' dir='ltr'><strong>Graecis</strong></span> <span class='ocrx_word' id='word_1_277' title='bbox 1561 2159 1854 2202; x_wconf 71' lang='lat' dir='ltr'><strong>Chrysostomum</strong></span> 
     </span>
    </p>
   </div>
   <div class='ocr_carea' id='block_1_25' title="bbox 512 2213 1855 2421">
    <p class='ocr_par' dir='ltr' id='par_1_25' title="bbox 512 2213 1855 2421">
     <span class='ocr_line' id='line_1_39' title="bbox 512 2213 1855 2256; baseline 0.001 -9"><span class='ocrx_word' id='word_1_278' title='bbox 512 2215 550 2247; x_wconf 87' lang='lat' dir='ltr'><strong>et</strong></span> <span class='ocrx_word' id='word_1_279' title='bbox 579 2214 685 2247; x_wconf 79' lang='lat' dir='ltr'><strong>huius</strong></span> <span class='ocrx_word' id='word_1_280' title='bbox 713 2214 922 2247; x_wconf 71' lang='lat' dir='ltr'><strong>imitatorem</strong></span> <span class='ocrx_word' id='word_1_281' title='bbox 952 2213 1275 2256; x_wconf 75' lang='lat' dir='ltr'><strong>Theophylactum3</strong></span> <span class='ocrx_word' id='word_1_282' title='bbox 1313 2213 1387 2256; x_wconf 88' lang='lat' dir='ltr'><strong>ipse</strong></span> <span class='ocrx_word' id='word_1_283' title='bbox 1417 2213 1540 2247; x_wconf 87' lang='lat' dir='ltr'><strong>stilum</strong></span> <span class='ocrx_word' id='word_1_284' title='bbox 1571 2213 1855 2249; x_wconf 78' lang='lat' dir='ltr'><strong>accommodabat</strong></span> 
     </span>
     <span class='ocr_line' id='line_1_40' title="bbox 512 2267 1854 2311; baseline 0.001 -9"><span class='ocrx_word' id='word_1_285' title='bbox 512 2269 660 2303; x_wconf 78' lang='lat' dir='ltr'><strong>tantum.</strong></span> <span class='ocrx_word' id='word_1_286' title='bbox 709 2268 764 2302; x_wconf 79' lang='lat' dir='ltr'><strong>Ex</strong></span> <span class='ocrx_word' id='word_1_287' title='bbox 790 2268 860 2302; x_wconf 86' lang='lat' dir='ltr'><strong>hiis</strong></span> <span class='ocrx_word' id='word_1_288' title='bbox 886 2278 995 2302; x_wconf 81' lang='lat' dir='ltr'><strong>mam</strong></span> <span class='ocrx_word' id='word_1_289' title='bbox 1021 2267 1194 2302; x_wconf 80' lang='lat' dir='ltr'><strong>Maiestati</strong></span> <span class='ocrx_word' id='word_1_290' title='bbox 1217 2268 1297 2301; x_wconf 84' lang='lat' dir='ltr'><strong>tuae</strong></span> <span class='ocrx_word' id='word_1_291' title='bbox 1323 2267 1507 2311; x_wconf 88' lang='lat' dir='ltr'><strong>inscripsit,</strong></span> <span class='ocrx_word' id='word_1_292' title='bbox 1542 2278 1668 2311; x_wconf 86' lang='lat' dir='ltr'><strong>nempe</strong></span> <span class='ocrx_word' id='word_1_293' title='bbox 1697 2267 1854 2311; x_wconf 85' lang='lat' dir='ltr'><strong>primam</strong></span> 
     </span>
     <span class='ocr_line' id='line_1_41' title="bbox 512 2321 1855 2367; baseline 0 -10"><span class='ocrx_word' id='word_1_294' title='bbox 512 2333 599 2366; x_wconf 86' lang='lat' dir='ltr'><strong>quae</strong></span> <span class='ocrx_word' id='word_1_295' title='bbox 613 2325 666 2357; x_wconf 83' lang='lat' dir='ltr'><strong>est</strong></span> <span class='ocrx_word' id='word_1_296' title='bbox 681 2322 719 2357; x_wconf 90' lang='lat' dir='ltr'><strong>in</strong></span> <span class='ocrx_word' id='word_1_297' title='bbox 734 2322 963 2367; x_wconf 78' lang='lat' dir='ltr'><strong>Euangelium</strong></span> <span class='ocrx_word' id='word_1_298' title='bbox 980 2322 1156 2364; x_wconf 80' lang='lat' dir='ltr'><strong>Matthaei,</strong></span> <span class='ocrx_word' id='word_1_299' title='bbox 1175 2323 1211 2356; x_wconf 86' lang='lat' dir='ltr'><strong>et</strong></span> <span class='ocrx_word' id='word_1_300' title='bbox 1228 2323 1441 2365; x_wconf 88' lang='lat' dir='ltr'><strong>postremam</strong></span> <span class='ocrx_word' id='word_1_301' title='bbox 1459 2332 1626 2365; x_wconf 82' lang='lat' dir='ltr'><strong>germano</strong></span> <span class='ocrx_word' id='word_1_302' title='bbox 1637 2322 1698 2355; x_wconf 87' lang='lat' dir='ltr'><strong>tuo</strong></span> <span class='ocrx_word' id='word_1_303' title='bbox 1713 2321 1855 2357; x_wconf 72' lang='lat' dir='ltr'><strong>Caesari</strong></span> 
     </span>
     <span class='ocr_line' id='line_1_42' title="bbox 512 2377 1854 2421; baseline -0.001 -9"><span class='ocrx_word' id='word_1_304' title='bbox 512 2377 757 2419; x_wconf 78' lang='lat' dir='ltr'><strong>Ferdinand03</strong></span> <span class='ocrx_word' id='word_1_305' title='bbox 796 2388 879 2412; x_wconf 89' lang='lat' dir='ltr'><strong>nam</strong></span> <span class='ocrx_word' id='word_1_306' title='bbox 909 2378 969 2421; x_wconf 85' lang='lat' dir='ltr'><strong>qui</strong></span> <span class='ocrx_word' id='word_1_307' title='bbox 1001 2379 1037 2411; x_wconf 87' lang='lat' dir='ltr'><strong>te</strong></span> <span class='ocrx_word' id='word_1_308' title='bbox 1067 2377 1231 2411; x_wconf 88' lang='lat' dir='ltr'><strong>iuuenem</strong></span> <span class='ocrx_word' id='word_1_309' title='bbox 1261 2387 1479 2420; x_wconf 84' lang='lat' dir='ltr'><strong>summopere</strong></span> <span class='ocrx_word' id='word_1_310' title='bbox 1505 2377 1691 2410; x_wconf 86' lang='lat' dir='ltr'><strong>veneratus</strong></span> <span class='ocrx_word' id='word_1_311' title='bbox 1717 2378 1771 2411; x_wconf 82' lang='lat' dir='ltr'><strong>est</strong></span> <span class='ocrx_word' id='word_1_312' title='bbox 1796 2377 1854 2411; x_wconf 69' lang='lat' dir='ltr'><strong>tot</strong></span> 
     </span>
    </p>
   </div>
   <div class='ocr_carea' id='block_1_26' title="bbox 510 2554 1151 2807">
    <p class='ocr_par' dir='ltr' id='par_1_26' title="bbox 510 2554 1151 2807">
     <span class='ocr_line' id='line_1_43' title="bbox 549 2554 1151 2592; baseline -0.007 -8"><span class='ocrx_word' id='word_1_313' title='bbox 549 2557 612 2584; x_wconf 71' lang='lat'>280.</span> <span class='ocrx_word' id='word_1_314' title='bbox 632 2555 783 2592; x_wconf 72' lang='lat' dir='ltr'><strong>venetiis]</strong></span> <span class='ocrx_word' id='word_1_315' title='bbox 806 2555 940 2590; x_wconf 79' lang='lat' dir='ltr'><strong>Perhaps</strong></span> <span class='ocrx_word' id='word_1_316' title='bbox 960 2563 977 2582; x_wconf 82' lang='lat' dir='ltr'><strong>a</strong></span> <span class='ocrx_word' id='word_1_317' title='bbox 998 2554 1151 2582; x_wconf 68' lang='lat' dir='ltr'><strong>reference</strong></span> 
     </span>
     <span class='ocr_line' id='line_1_44' title="bbox 510 2590 1151 2629; baseline -0.006 -8"><span class='ocrx_word' id='word_1_318' title='bbox 510 2595 545 2620; x_wconf 83' lang='lat' dir='ltr'><strong>to</strong></span> <span class='ocrx_word' id='word_1_319' title='bbox 562 2593 671 2621; x_wconf 77' lang='lat' dir='ltr'><strong>Aldus’</strong></span> <span class='ocrx_word' id='word_1_320' title='bbox 689 2592 825 2629; x_wconf 75' lang='lat' dir='ltr'><strong>pmposnl</strong></span> <span class='ocrx_word' id='word_1_321' title='bbox 844 2593 876 2619; x_wconf 86' lang='lat' dir='ltr'><strong>to</strong></span> <span class='ocrx_word' id='word_1_322' title='bbox 893 2592 979 2626; x_wconf 83' lang='lat' dir='ltr'><strong>print</strong></span> <span class='ocrx_word' id='word_1_323' title='bbox 991 2591 1046 2618; x_wconf 86' lang='lat' dir='ltr'><strong>the</strong></span> <span class='ocrx_word' id='word_1_324' title='bbox 1064 2590 1151 2618; x_wconf 84' lang='lat' dir='ltr'><strong>Bible</strong></span> 
     </span>
     <span class='ocr_line' id='line_1_45' title="bbox 513 2627 1151 2665; baseline -0.005 -9"><span class='ocrx_word' id='word_1_325' title='bbox 513 2630 548 2657; x_wconf 91' lang='lat' dir='ltr'><strong>in</strong></span> <span class='ocrx_word' id='word_1_326' title='bbox 567 2629 706 2665; x_wconf 74' lang='lat' dir='ltr'><strong>nebmw,</strong></span> <span class='ocrx_word' id='word_1_327' title='bbox 724 2629 832 2664; x_wconf 81' lang='lat' dir='ltr'><strong>Greek,</strong></span> <span class='ocrx_word' id='word_1_328' title='bbox 851 2628 913 2656; x_wconf 88' lang='lat' dir='ltr'><strong>and</strong></span> <span class='ocrx_word' id='word_1_329' title='bbox 931 2628 1030 2662; x_wconf 77' lang='lat' dir='ltr'><strong>Latin,</strong></span> <span class='ocrx_word' id='word_1_330' title='bbox 1047 2627 1151 2654; x_wconf 72' lang='lat' dir='ltr'><strong>which</strong></span> 
     </span>
     <span class='ocr_line' id='line_1_46' title="bbox 513 2664 1151 2700; baseline -0.006 -7"><span class='ocrx_word' id='word_1_331' title='bbox 513 2673 575 2693; x_wconf 71' lang='lat' dir='ltr'><strong>was</strong></span> <span class='ocrx_word' id='word_1_332' title='bbox 604 2664 797 2693; x_wconf 83' lang='lat' dir='ltr'><strong>commenced</strong></span> <span class='ocrx_word' id='word_1_333' title='bbox 830 2665 865 2692; x_wconf 83' lang='lat' dir='ltr'><strong>in</strong></span> <span class='ocrx_word' id='word_1_334' title='bbox 898 2672 977 2700; x_wconf 81' lang='lat'><strong>¹⁵0¹·</strong></span> <span class='ocrx_word' id='word_1_335' title='bbox 1010 2664 1067 2690; x_wconf 83' lang='lat' dir='ltr'><strong>but</strong></span> <span class='ocrx_word' id='word_1_336' title='bbox 1096 2664 1151 2690; x_wconf 87' lang='lat' dir='ltr'><strong>not</strong></span> 
     </span>
     <span class='ocr_line' id='line_1_47' title="bbox 513 2700 1148 2735; baseline -0.006 -6"><span class='ocrx_word' id='word_1_337' title='bbox 513 2702 628 2729; x_wconf 84' lang='lat' dir='ltr'><strong>carried</strong></span> <span class='ocrx_word' id='word_1_338' title='bbox 648 2705 707 2730; x_wconf 83' lang='lat' dir='ltr'><strong>out.</strong></span> <span class='ocrx_word' id='word_1_339' title='bbox 756 2702 810 2729; x_wconf 87' lang='lat' dir='ltr'><strong>See</strong></span> <span class='ocrx_word' id='word_1_340' title='bbox 831 2700 999 2735; x_wconf 81' lang='lat' dir='ltr'><strong>Renousrd,</strong></span> <span class='ocrx_word' id='word_1_341' title='bbox 1019 2701 1148 2733; x_wconf 67' lang='lat' dir='ltr'><strong>Annales,</strong></span> 
     </span>
     <span class='ocr_line' id='line_1_48' title="bbox 513 2735 1150 2773; baseline -0.003 -8"><span class='ocrx_word' id='word_1_342' title='bbox 513 2738 599 2765; x_wconf 77' lang='lat' dir='ltr'><strong>third</strong></span> <span class='ocrx_word' id='word_1_343' title='bbox 620 2738 692 2765; x_wconf 85' lang='lat' dir='ltr'><strong>edit.</strong></span> <span class='ocrx_word' id='word_1_344' title='bbox 716 2747 764 2773; x_wconf 84' lang='lat' dir='ltr'><strong>pp.</strong></span> <span class='ocrx_word' id='word_1_345' title='bbox 789 2739 841 2765; x_wconf 76' lang='lat'><strong>261</strong></span> <span class='ocrx_word' id='word_1_346' title='bbox 865 2738 925 2765; x_wconf 82' lang='lat' dir='ltr'><strong>and</strong></span> <span class='ocrx_word' id='word_1_347' title='bbox 950 2737 1051 2772; x_wconf 79' lang='lat'><strong>388-9.</strong></span> <span class='ocrx_word' id='word_1_348' title='bbox 1087 2735 1150 2763; x_wconf 78' lang='lat' dir='ltr'><strong>The</strong></span> 
     </span>
     <span class='ocr_line' id='line_1_49' title="bbox 513 2772 1150 2807; baseline -0.005 -5"><span class='ocrx_word' id='word_1_349' title='bbox 513 2774 626 2802; x_wconf 79' lang='lat' dir='ltr'><strong>Aldine</strong></span> <span class='ocrx_word' id='word_1_350' title='bbox 638 2774 724 2801; x_wconf 86' lang='lat' dir='ltr'><strong>Bible</strong></span> <span class='ocrx_word' id='word_1_351' title='bbox 737 2775 770 2802; x_wconf 89' lang='lat' dir='ltr'><strong>in</strong></span> <span class='ocrx_word' id='word_1_352' title='bbox 781 2774 878 2802; x_wconf 81' lang='lat' dir='ltr'><strong>Greek</strong></span> <span class='ocrx_word' id='word_1_353' title='bbox 889 2782 950 2802; x_wconf 79' lang='lat' dir='ltr'><strong>was</strong></span> <span class='ocrx_word' id='word_1_354' title='bbox 962 2774 1016 2801; x_wconf 84' lang='lat' dir='ltr'><strong>not</strong></span> <span class='ocrx_word' id='word_1_355' title='bbox 1027 2772 1150 2807; x_wconf 82' lang='lat' dir='ltr'><strong>printed</strong></span> 
     </span>
    </p>
   </div>
   <div class='ocr_carea' id='block_1_27' title="bbox 446 2430 1856 2477">
    <p class='ocr_par' dir='ltr' id='par_1_27' title="bbox 446 2430 1856 2477">
     <span class='ocr_line' id='line_1_50' title="bbox 446 2430 1856 2477; baseline -0.002 -8"><span class='ocrx_word' id='word_1_356' title='bbox 446 2442 499 2469; x_wconf 82' lang='lat'><strong>3¹0</strong></span> <span class='ocrx_word' id='word_1_357' title='bbox 512 2443 699 2477; x_wconf 77' lang='lat' dir='ltr'><strong>regnorum</strong></span> <span class='ocrx_word' id='word_1_358' title='bbox 729 2432 921 2475; x_wconf 79' lang='lat' dir='ltr'><strong>haeredem,</strong></span> <span class='ocrx_word' id='word_1_359' title='bbox 949 2432 1010 2476; x_wconf 85' lang='lat' dir='ltr'><strong>qui</strong></span> <span class='ocrx_word' id='word_1_360' title='bbox 1039 2431 1159 2465; x_wconf 88' lang='lat' dir='ltr'><strong>minus</strong></span> <span class='ocrx_word' id='word_1_361' title='bbox 1189 2430 1377 2474; x_wconf 80' lang='lat' dir='ltr'><strong>suspiceret</strong></span> <span class='ocrx_word' id='word_1_362' title='bbox 1406 2431 1449 2464; x_wconf 81' lang='lat' dir='ltr'><strong>ad</strong></span> <span class='ocrx_word' id='word_1_363' title='bbox 1488 2431 1668 2474; x_wconf 81' lang='lat' dir='ltr'><strong>fastigium</strong></span> <span class='ocrx_word' id='word_1_364' title='bbox 1699 2430 1856 2466; x_wconf 83' lang='lat' dir='ltr'><strong>Romani</strong></span> 
     </span>
    </p>
   </div>
   <div class='ocr_carea' id='block_1_28' title="bbox 1205 2552 1854 2807">
    <p class='ocr_par' dir='ltr' id='par_1_28' title="bbox 1205 2552 1854 2654">
     <span class='ocr_line' id='line_1_51' title="bbox 1205 2552 1854 2588; baseline 0 -6"><span class='ocrx_word' id='word_1_365' title='bbox 1205 2553 1256 2582; x_wconf 84' lang='lat' dir='ltr'><strong>till</strong></span> <span class='ocrx_word' id='word_1_366' title='bbox 1275 2553 1345 2582; x_wconf 80' lang='lat' dir='ltr'><strong>Feb.</strong></span> <span class='ocrx_word' id='word_1_367' title='bbox 1366 2553 1456 2588; x_wconf 79' lang='lat'><strong>1518;</strong></span> <span class='ocrx_word' id='word_1_368' title='bbox 1479 2553 1504 2579; x_wconf 78' lang='lat' dir='ltr'><strong>it</strong></span> <span class='ocrx_word' id='word_1_369' title='bbox 1522 2552 1680 2580; x_wconf 81' lang='lat' dir='ltr'><strong>embodies</strong></span> <span class='ocrx_word' id='word_1_370' title='bbox 1698 2552 1854 2582; x_wconf 76' lang='lat' dir='ltr'><strong>Erasmus’</strong></span> 
     </span>
     <span class='ocr_line' id='line_1_52' title="bbox 1206 2589 1854 2619; baseline 0.002 -1"><span class='ocrx_word' id='word_1_371' title='bbox 1206 2592 1272 2618; x_wconf 82' lang='lat' dir='ltr'><strong>text</strong></span> <span class='ocrx_word' id='word_1_372' title='bbox 1280 2589 1313 2617; x_wconf 69' lang='lat' dir='ltr'><strong>of</strong></span> <span class='ocrx_word' id='word_1_373' title='bbox 1318 2590 1387 2618; x_wconf 57' lang='lat' dir='ltr'><strong>NJ.</strong></span> <span class='ocrx_word' id='word_1_374' title='bbox 1403 2590 1448 2617; x_wconf 74' lang='lat' dir='ltr'><strong>No</strong></span> <span class='ocrx_word' id='word_1_375' title='bbox 1455 2589 1722 2616; x_wconf 83' lang='lat' dir='ltr'><strong>earlieernetian</strong></span> <span class='ocrx_word' id='word_1_376' title='bbox 1730 2589 1854 2619; x_wconf 74' lang='lat' dir='ltr'><strong>edition</strong></span> 
     </span>
     <span class='ocr_line' id='line_1_53' title="bbox 1206 2625 1733 2654; baseline -0.004 0"><span class='ocrx_word' id='word_1_377' title='bbox 1206 2626 1240 2654; x_wconf 66' lang='lat' dir='ltr'><strong>of</strong></span> <span class='ocrx_word' id='word_1_378' title='bbox 1248 2627 1301 2654; x_wconf 85' lang='lat' dir='ltr'><strong>the</strong></span> <span class='ocrx_word' id='word_1_379' title='bbox 1311 2626 1397 2654; x_wconf 86' lang='lat' dir='ltr'><strong>Bible</strong></span> <span class='ocrx_word' id='word_1_380' title='bbox 1410 2626 1444 2653; x_wconf 87' lang='lat' dir='ltr'><strong>in</strong></span> <span class='ocrx_word' id='word_1_381' title='bbox 1457 2625 1555 2654; x_wconf 80' lang='lat' dir='ltr'><strong>Greek</strong></span> <span class='ocrx_word' id='word_1_382' title='bbox 1568 2626 1595 2653; x_wconf 87' lang='lat' dir='ltr'><strong>is</strong></span> <span class='ocrx_word' id='word_1_383' title='bbox 1608 2625 1733 2653; x_wconf 79' lang='lat' dir='ltr'><strong>known.</strong></span> 
     </span>
    </p>

    <p class='ocr_par' dir='ltr' id='par_1_29' title="bbox 1205 2661 1854 2807">
     <span class='ocr_line' id='line_1_54' title="bbox 1242 2661 1853 2697; baseline 0.002 -7"><span class='ocrx_word' id='word_1_384' title='bbox 1242 2670 1306 2697; x_wconf 73' lang='lat'><strong>⁹9³-</strong></span> <span class='ocrx_word' id='word_1_385' title='bbox 1326 2661 1544 2697; x_wconf 81' lang='lat' dir='ltr'><strong>Theodoricho]</strong></span> <span class='ocrx_word' id='word_1_386' title='bbox 1567 2662 1632 2689; x_wconf 79' lang='lat' dir='ltr'><strong>The</strong></span> <span class='ocrx_word' id='word_1_387' title='bbox 1657 2662 1853 2697; x_wconf 66' lang='lat' dir='ltr'><strong>Ostrogothis</strong></span> 
     </span>
     <span class='ocr_line' id='line_1_55' title="bbox 1205 2698 1854 2734; baseline 0.003 -8"><span class='ocrx_word' id='word_1_388' title='bbox 1205 2699 1289 2734; x_wconf 78' lang='lat' dir='ltr'><strong>king,</strong></span> <span class='ocrx_word' id='word_1_389' title='bbox 1303 2699 1395 2734; x_wconf 66' lang='grc' dir='ltr'><strong>Ι1·5ει6.</strong></span> <span class='ocrx_word' id='word_1_390' title='bbox 1435 2699 1492 2726; x_wconf 73' lang='lat' dir='ltr'><strong>For</strong></span> <span class='ocrx_word' id='word_1_391' title='bbox 1510 2698 1560 2725; x_wconf 86' lang='lat' dir='ltr'><strong>his</strong></span> <span class='ocrx_word' id='word_1_392' title='bbox 1578 2698 1751 2726; x_wconf 88' lang='lat' dir='ltr'><strong>connexion</strong></span> <span class='ocrx_word' id='word_1_393' title='bbox 1770 2699 1854 2728; x_wconf 77' lang='lat' dir='ltr'><strong>with</strong></span> 
     </span>
     <span class='ocr_line' id='line_1_56' title="bbox 1205 2735 1852 2772; baseline -0.002 -9"><span class='ocrx_word' id='word_1_394' title='bbox 1205 2736 1323 2764; x_wconf 75' lang='lat' dir='ltr'><strong>Verona</strong></span> <span class='ocrx_word' id='word_1_395' title='bbox 1341 2743 1390 2763; x_wconf 88' lang='lat' dir='ltr'><strong>see</strong></span> <span class='ocrx_word' id='word_1_396' title='bbox 1406 2735 1509 2771; x_wconf 72' lang='lat' dir='ltr'><strong>Eryce,</strong></span> <span class='ocrx_word' id='word_1_397' title='bbox 1528 2737 1598 2768; x_wconf 67' lang='lat' dir='ltr'><strong>Helu</strong></span> <span class='ocrx_word' id='word_1_398' title='bbox 1608 2737 1713 2763; x_wconf 77' lang='lat' dir='ltr'><strong>Roman</strong></span> <span class='ocrx_word' id='word_1_399' title='bbox 1728 2737 1852 2772; x_wconf 58' lang='lat' dir='ltr'><strong>Est-pin,</strong></span> 
     </span>
     <span class='ocr_line' id='line_1_57' title="bbox 1206 2773 1421 2807; baseline 0.005 -8"><span class='ocrx_word' id='word_1_400' title='bbox 1206 2780 1234 2807; x_wconf 87' lang='lat' dir='ltr'><strong>p.</strong></span> <span class='ocrx_word' id='word_1_401' title='bbox 1248 2773 1294 2800; x_wconf 75' lang='lat'><strong>28.</strong></span> <span class='ocrx_word' id='word_1_402' title='bbox 1308 2773 1381 2800; x_wconf 82' lang='lat' dir='ltr'><strong>note</strong></span> <span class='ocrx_word' id='word_1_403' title='bbox 1392 2776 1421 2800; x_wconf 88' lang='lat' dir='ltr'><strong>c.&#39;</strong></span> 
     </span>
    </p>
   </div>
  </div>
 </body>
</html>
