2248 3363
494 389 515 419 4
883 359 1092 421 ramas
1122 385 1183 420 or
1211 385 1433 422 smnus
1715 384 1825 433 [1523

492 485 556 518 pro
586 475 685 508 tanta
715 473 930 516 liberalitate,
962 475 1067 518 atque
1095 473 1162 508 hoo
1187 473 1352 508 lemmate
1378 473 1536 509 recusaui
1561 485 1703 517 munus,
1729 473 1825 518 quod

493 528 645 562 dicerem
659 528 774 562 maius
788 539 891 572 quam
905 529 947 562 vt
960 528 1162 562 conueniret
1176 528 1358 571 exiguitati
1373 539 1479 563 meae.
1521 528 1629 563 Nullo
1645 528 1684 562 in
1698 539 1828 572 genere

493 593 551 617 me
571 582 691 616 minus
709 582 844 617 exercui
867 593 971 627 quam
993 582 1032 617 in
1052 583 1322 627 epigrammatis,
1341 584 1377 617 et
1394 585 1515 617 tamen
1535 583 1715 617 interdum
1732 583 1829 618 inter

493 637 744 671 ambulandum
762 639 822 671 aut
844 638 950 671 etiam
968 637 1007 671 in
1025 637 1338 701 compotationibus
1357 637 1505 672 lusimus
1523 637 1655 682 aliquot
1674 637 1828 672 diuersis

462 700 479 729 5
494 691 716 734 temporibus,
749 702 898 735 quorum
935 692 1107 727 nonnulla
1143 692 1187 726 ab
1224 692 1345 726 amicis
1382 692 1533 726 nimium
1567 692 1639 726 mei
1668 692 1828 727 nominis

493 746 657 780 studiosis
678 746 820 780 collecta
839 748 922 780 sunt
943 748 979 780 et
999 747 1112 781 aedita
1131 746 1307 789 Basilom
1330 758 1464 791 quoque
1485 747 1597 791 magis
1614 747 1824 789 riderentur,

493 801 728 835 adiunxerunt
747 801 900 835 'rhomae
923 799 1011 835 Mori
1033 801 1300 845 epigrammatis,
1323 802 1363 835 in
1384 801 1450 835 hoc
1472 812 1597 845 genere
1618 801 1822 836 felicissimi.

493 855 642 889 Carmen
665 855 708 889 ad
729 855 971 890 Guilhelmum
991 857 1126 899 Oopum
1141 855 1185 889 de
1205 858 1382 890 senectute
1403 857 1573 899 scriptum
1595 858 1649 890 est
1669 856 1799 891 nobis
1787 868 1825 891 m

492 910 651 953 Alpibus,
670 922 779 954 quum
794 910 948 954 primum
967 911 1098 944 adirem
1112 910 1263 944 Italiam.
1312 909 1488 945 Incidet-at
1506 911 1626 945 odiosa
1644 911 1826 946 contentio

446 973 481 994 10
494 964 587 998 inter
608 965 861 999 caduceatorem
884 965 975 1009 regis
996 964 1156 1009 Angliae
1174 965 1235 1009 qui
1256 976 1330 1006 nos,
1347 976 1416 1009 quo
1430 965 1543 1000 tutius
1562 965 1702 1008 iremus,
1722 966 1827 1000 comi-

492 1020 586 1053 tatus
610 1021 663 1052 est
687 1020 884 1054 Bononiam
907 1031 1023 1064 vsque,
1052 1021 1089 1053 et
1112 1019 1207 1054 inter
1230 1021 1420 1054 curatorem
1450 1019 1708 1054 adolescentum
1738 1030 1826 1064 quos

491 1075 571 1107 tum
589 1076 688 1117 pacto
705 1074 801 1108 velut
821 1085 942 1108 nassae
962 1074 1153 1117 implicitus
1172 1074 1340 1107 ducebam
1361 1074 1400 1108 in
1417 1074 1569 1116 Italiam,
1587 1085 1659 1108 non
1681 1074 1825 1117 quidem

492 1129 533 1160 vt
547 1128 771 1171 paedagogus,
788 1139 871 1162 nam
888 1140 1026 1163 morum
1042 1140 1160 1163 curam
1176 1139 1385 1171 exceperam,
1405 1139 1468 1162 nec
1481 1129 1523 1162 vt
1536 1130 1744 1172 praeceptor,
1762 1128 1824 1163 sed

492 1183 534 1215 vt
557 1181 731 1225 inspector
753 1183 890 1217 futurus
915 1195 953 1217 ac
975 1184 1172 1217 studiorum
1194 1182 1290 1216 viam
1312 1185 1654 1225 commonstraturus,
1673 1194 1718 1217 ne
1741 1183 1824 1227 quid

447 1245 480 1273 ¹5
494 1236 700 1270 calamitatis
720 1237 854 1271 deesset
871 1237 952 1271 fatis
968 1238 1080 1278 meis;
1110 1237 1249 1271 nullum
1268 1237 1364 1271 enim
1385 1248 1518 1271 annum
1536 1237 1609 1271 vixi
1629 1237 1821 1272 insuauius.

494 1290 595 1324 Inter
614 1291 679 1326 hos
698 1292 803 1334 igitur
824 1292 912 1326 duos
934 1292 1018 1326 adeo
1040 1292 1227 1325 incaluerat
1247 1292 1333 1333 rixa,
1358 1294 1399 1325 vt
1421 1294 1500 1336 post
1521 1291 1650 1326 furiosa
1672 1292 1825 1327 conuitia

493 1347 640 1379 ventum
663 1345 711 1379 sit
729 1357 836 1390 vsque
856 1346 899 1380 ad
918 1346 1072 1389 gladios3
1095 1357 1134 1379 ac
1149 1348 1226 1379 tum
1246 1346 1386 1389 quidem
1406 1346 1507 1381 alteri
1523 1346 1693 1381 duntaxat
1705 1346 1825 1382 Μο-

494 1400 563 1434 bar.
611 1400 742 1434 Verum
757 1401 817 1434 vbi
831 1402 911 1444 post
925 1402 1060 1434 tantam
1074 1402 1317 1443 tempestatem
1332 1401 1498 1435 vidissem
1513 1401 1594 1435 illos
1607 1401 1700 1435 vltm
1714 1401 1825 1436 factos

493 1455 623 1489 amicos
645 1457 746 1498 epoto
766 1456 844 1489 vini
865 1456 1000 1499 cyatho,
1018 1457 1205 1499 vti-umque
1228 1466 1270 1489 ex
1291 1466 1400 1499 aequo
1422 1456 1571 1489 oderam.
1619 1456 1764 1491 Etenim
1783 1457 1824 1491 vt

446 1518 481 1538 ²0
494 1520 557 1552 pro
572 1509 702 1544 insanis
722 1510 840 1552 habeo,
859 1510 917 1554 qui
939 1511 987 1544 sic
1005 1510 1268 1552 debacchantur,
1286 1510 1356 1543 nisi
1375 1510 1577 1554 gratiissime
1596 1510 1758 1553 lacessiti,
1774 1511 1824 1545 ita

493 1564 584 1598 nuni
605 1564 693 1598 fidos
713 1575 788 1598 esse
809 1564 905 1606 duco,
924 1564 985 1609 qui
1004 1567 1078 1599 tam
1098 1564 1214 1599 subito
1234 1565 1326 1599 fiunt
1341 1565 1442 1598 amici
1463 1567 1542 1608 post
1558 1565 1627 1599 iras
1647 1565 1820 1608 capitales·

493 1618 618 1662 Itaque
631 1629 699 1662 quo
713 1618 867 1653 taedium
883 1619 976 1653 inter
990 1619 1216 1663 equitandum
1237 1619 1404 1662 fallerem,
1422 1619 1604 1654 abstinens
1617 1632 1638 1654 a
1653 1619 1824 1664 colloquio

493 1673 647 1715 partium
666 1684 804 1707 carmen
821 1674 886 1707 hoc
907 1674 1050 1716 absolui,
1068 1677 1194 1708 notans
1213 1674 1356 1708 interim
1378 1674 1416 1708 in
1437 1674 1556 1708 charta
1570 1685 1675 1718 super
1688 1675 1820 1716 sellam,

494 1738 540 1760 ne
564 1727 647 1771 quid
671 1728 842 1761 excideret
870 1728 975 1770 aliud,
1012 1729 1098 1762 dum
1136 1728 1243 1762 aliubi
1282 1739 1490 1771 quaererem.
1538 1729 1569 1763 E
1601 1729 1736 1763 notulis
1766 1729 1823 1763 de-

446 1792 480 1820 ²5
494 1782 685 1816 scribebam
697 1783 788 1826 quod
804 1783 877 1816 erat
890 1784 1022 1824 natum,
1035 1782 1094 1816 vbi
1105 1784 1252 1817 ventum
1267 1785 1358 1816 esset
1373 1783 1411 1816 in
1426 1783 1665 1818 diuersorium.
1703 1783 1823 1818 Habes

494 1847 632 1871 carmen
663 1839 820 1881 equestre
853 1837 911 1871 vel
944 1838 1058 1881 potius
1089 1837 1246 1880 alpestre,
1287 1838 1377 1881 quod
1409 1840 1529 1871 tamen
1567 1838 1659 1872 docti
1692 1840 1824 1882 negant

493 1903 634 1935 prorsus
650 1892 784 1935 infelix,
802 1894 980 1936 vtcunque
996 1893 1120 1925 natum
1135 1893 1196 1926 est.

538 1946 669 1989 Scripsi
683 1946 829 1980 diuersis
844 1947 1056 1990 temporibus
1070 1946 1245 1989 epitaphia
1260 1957 1332 1980 non
1347 1958 1463 1989 pauca,
1477 1948 1617 1990 rogatus
1631 1947 1675 1980 ab
1689 1948 1819 1991 amicis,

493 2011 580 2042 quae
604 2011 676 2033 non
697 2001 802 2034 refert
829 2012 1036 2035 numerasse.
1085 2000 1154 2035 Sed
1179 2000 1282 2034 annis
1306 2001 1438 2044 aliquot
1460 2002 1541 2035 ante
1563 2012 1665 2044 quam
1688 2002 1822 2036 adirem

445 2063 485 2090 3³
494 2052 645 2095 Italiam,
664 2055 870 2088 exercendae
886 2055 1089 2089 Graecitatis
1107 2066 1208 2089 causa
1222 2055 1361 2099 quando
1380 2066 1452 2089 non
1473 2057 1546 2089 erat
1563 2057 1822 2100 praeceptorum

493 2108 600 2150 copia,
625 2110 798 2142 verteram
822 2109 1003 2142 Hecubam
1033 2109 1221 2152 Euripidis,
1255 2111 1332 2143 tum
1365 2121 1469 2153 agens
1496 2110 1652 2145 Louanii.
1699 2111 1758 2145 Ad
1787 2111 1822 2145 id

493 2161 692 2196 audendum
706 2165 906 2207 prouocarat
923 2163 960 2196 F.
972 2163 1189 2207 Philelphus,
1202 2164 1262 2207 qui
1276 2164 1428 2207 primam
1443 2164 1518 2198 eius
1533 2164 1668 2198 fabulae
1682 2175 1824 2200 scenam

492 2217 599 2250 vertit
620 2216 658 2251 in
681 2218 836 2251 oratione
859 2218 1007 2261 quadam
1031 2218 1179 2259 funebri,
1205 2229 1326 2261 parum
1352 2220 1392 2252 vt
1415 2221 1492 2252 tum
1515 2219 1604 2252 mihi
1625 2220 1742 2253 visum
1769 2222 1824 2255 est

493 2271 650 2305 feliciter.
695 2271 805 2306 Porro
825 2283 934 2315 quum
958 2272 1120 2306 stimulos
1139 2272 1281 2306 adderet
1303 2274 1380 2306 tum
1403 2272 1528 2316 hospes
1551 2284 1650 2307 meus
1672 2273 1823 2308 Ioannes

444 2335 479 2363 35
494 2326 702 2368 Paludanus,
729 2326 803 2360 eius
824 2327 1030 2361 Academiae
1052 2327 1180 2368 rhetor,
1205 2327 1260 2360 vir
1281 2327 1312 2361 si
1331 2327 1409 2371 quis
1431 2328 1521 2361 alius
1544 2330 1662 2362 exacto
1683 2328 1821 2371 iudicio,

492 2381 626 2424 perrexi
649 2391 717 2424 quo
740 2391 928 2424 coeperam.
974 2381 1108 2415 Deinde
1128 2382 1187 2416 vbi
1207 2381 1320 2416 literis
1335 2393 1373 2416 ac
1392 2382 1579 2424 montibus,
1598 2383 1688 2427 quod
1711 2383 1819 2425 aiunt,

492 2436 605 2470 aureis
620 2436 809 2469 amicorum
824 2436 993 2479 pellectus
1007 2436 1175 2471 redissem
1189 2436 1229 2470 in
1244 2437 1421 2480 Angliam,
1439 2437 1557 2470 addidi
1572 2438 1822 2481 praefationem

532 2544 573 2570 17.
594 2544 688 2570 vsque
699 2544 750 2564 om.
763 2537 791 2566 β.
865 2543 910 2564 21.
928 2536 1002 2564 fidos
1013 2537 1034 2567 β
1046 2546 1053 2564 =
1073 2536 1145 2564 fides
1156 2546 1182 2564 a.
1255 2545 1300 2570 24.
1319 2536 1412 2571 aliud,
1425 2558 1431 2564 .
1444 2557 1453 2565 .
1467 2556 1474 2564 .
1483 2545 1655 2573 quaererem
1668 2548 1686 2565 ιι
1697 2548 1722 2574 2,
1735 2539 1820 2574 dum,

492 2573 526 2599 vt
547 2573 590 2606 fit,
611 2581 691 2600 noua
710 2573 850 2608 cogitatio
869 2574 999 2600 veterem
1021 2572 1170 2608 propellit.
1189 2573 1217 2603 β.
1330 2581 1374 2608 25.
1393 2574 1472 2608 quod
1493 2594 1501 2603 .
1519 2594 1527 2602 .
1548 2594 1556 2602 .
1580 2576 1687 2602 natum
1707 2578 1772 2604 aad.
1791 2578 1823 2607 β.

493 2610 570 2636 esset
582 2618 619 2636 a:
637 2611 682 2636 est
693 2610 724 2639 β.
821 2608 865 2636 28.
884 2608 996 2644 Scripsi
1007 2609 1045 2639 B:
1065 2609 1246 2645 Scripsimus
1256 2619 1283 2638 α.
1376 2618 1420 2645 33.
1439 2610 1558 2638 funebri
1571 2613 1636 2639 add.
1648 2612 1678 2641 β.

531 2753 576 2779 33.
596 2744 744 2781 oratione]
757 2745 809 2773 No.
822 2754 849 2781 3,
865 2745 1017 2774 delivered
1036 2754 1075 2774 on
1094 2753 1129 2780 25
1186 2746 1361 2775 translated.
1395 2745 1530 2774 Filelso’s
1540 2746 1669 2774 Funeral
1682 2747 1823 2776 orations

495 2781 566 2810 Dec.
583 2782 650 2816 ¹⁴⁶¹
663 2791 672 2816 ι
691 2782 864 2817 Polydorus·
878 2782 985 2817 speech
1001 2783 1028 2810 is
1044 2783 1130 2811 there
1185 2791 1265 2811 were
1277 2783 1402 2820 printed
1417 2784 1485 2811 first
1502 2793 1526 2811 c.
1546 2784 1627 2818 1481,
1638 2785 1672 2811 at
1685 2783 1790 2812 Milan.
