2248 3363
498 390 541 422 36
886 388 1098 423 LETTERS
1129 387 1190 423 oF
1220 387 1443 423 ERASMUS
1682 386 1837 434 [mas-⁴

495 476 662 519 debuerit,
690 478 811 513 tamen
835 477 1062 520 Euangelicos
1088 476 1265 520 quosdam,
1298 477 1339 510 vt
1367 476 1482 511 vocari
1511 476 1673 520 gaudent,
1699 478 1838 520 praeter

495 530 680 575 Euangelii
705 531 901 566 doctrinam
926 542 1015 574 pene
1041 531 1159 574 adegit
1182 530 1221 564 in
1246 530 1387 572 rabiem,
1414 531 1514 574 quasi
1538 530 1717 573 piaculum
1743 534 1837 567 esset

494 584 707 627 lapidatione
720 585 861 629 publica
875 586 1021 629 dignum
1036 597 1116 619 cum
1132 586 1260 619 Lutero
1275 585 1332 619 vel
1348 584 1504 619 discendi
1518 584 1631 628 gratia
1643 585 1832 629 disputare.

497 638 599 674 Nunc
614 640 737 675 amicis
753 640 828 675 eius
844 640 981 675 consilii
999 639 1207 683 mysterium
1227 639 1391 683 aperiam,
1407 641 1444 673 et
1458 639 1524 674 tibi
1540 639 1767 684 nominatim,
1785 642 1835 677 mi

463 701 480 732 ε
498 694 670 734 Botzeme,
688 695 749 739 qui
768 707 826 730 me
845 695 968 730 tetrico
982 696 1085 730 vultu
1100 693 1316 737 minimeque
1331 695 1392 728 tuo
1408 694 1611 738 castigabas,
1628 695 1722 738 quod
1742 696 1784 730 in
1798 707 1834 732 re

497 748 588 782 seria
616 748 753 784 viderer
781 749 907 784 ludere.
954 749 1029 792 Ego
1058 749 1120 783 vix
1149 748 1215 783 vui
1245 748 1474 782 concesserim
1503 749 1544 783 vt
1573 749 1687 793 magis
1716 749 1834 786 faueat

497 803 689 847 Euangelio
719 815 823 846 quam
854 803 975 846 faueo;
1012 804 1187 837 caeterum
1217 803 1283 837 hoc
1313 802 1495 846 negotium
1524 814 1566 837 ea
1594 804 1833 840 moderatione

496 857 637 891 tractari
666 857 856 901 cupiebam,
889 859 928 891 vt
956 857 1087 901 absque
1117 857 1287 891 seditione
1315 856 1412 891 fieret
1445 857 1605 891 omnium
1634 869 1830 894 commune.

497 911 649 946 Proinde
668 912 796 955 scripto
816 912 955 956 publico
976 923 1076 956 spem
1095 912 1160 946 feci
1180 911 1286 946 huius
1305 911 1511 955 argumenti,
1529 914 1673 956 captans
1687 913 1724 947 id
1741 914 1832 958 quod

442 972 482 1000 ‚10
497 965 667 1009 optabam,
692 968 734 1001 vt
758 968 904 1010 vtraque
926 978 1007 1010 pars
1028 977 1145 1001 amore
1168 965 1368 1001 concordiae
1391 965 1589 1000 hortaretur
1610 978 1668 1001 me
1691 968 1737 1002 ad
1759 978 1833 1012 pro-

495 1020 595 1055 missi
610 1021 801 1056 voluminis
823 1021 1056 1062 aediticnem;
1077 1022 1114 1055 et
1135 1020 1201 1055 hac
1221 1020 1265 1055 de
1280 1031 1317 1054 re
1339 1020 1505 1054 nonnihil
1527 1022 1647 1055 actum
1667 1023 1722 1056 est
1738 1021 1830 1066 apud

495 1075 685 1113 Caesarem.
733 1076 801 1110 Sed
818 1078 858 1112 vt
872 1075 1106 1110 animaduerti
1120 1076 1282 1109 neutram
1295 1076 1430 1118 partem
1445 1075 1489 1109 de
1503 1085 1542 1109 se
1554 1075 1719 1119 praebere
1733 1087 1831 1120 spem

494 1130 727 1173 componendi
749 1130 895 1172 dissidii,
914 1130 1013 1165 nolui
1035 1131 1167 1164 frustra
1189 1140 1325 1163 sumere
1348 1139 1500 1172 operam,
1516 1129 1680 1173 vtrinque
1701 1131 1831 1165 malam

495 1183 644 1226 gratiam
669 1184 823 1219 initurus
849 1195 926 1218 mea
951 1184 1143 1219 sedulitate.
1193 1184 1290 1219 Haec
1312 1184 1389 1217 erat
1408 1182 1472 1216 illa
1494 1182 1622 1218 techna
1643 1195 1734 1226 meg
1761 1195 1831 1219 non

444 1246 483 1279 Ι35
496 1237 638 1272 aliunde
667 1238 819 1282 profecta
848 1250 954 1282 quam
983 1238 1028 1273 ab
1052 1238 1171 1272 animo
1197 1237 1421 1272 dissidiorum
1452 1248 1561 1279 osore,
1589 1238 1686 1281 pacis
1716 1239 1828 1274 auido.

498 1292 599 1326 Nunc
621 1303 742 1336 precor
761 1295 802 1327 vt
825 1292 988 1327 dominus
1011 1293 1120 1334 Iesus,
1144 1292 1205 1336 qui
1227 1292 1323 1326 solus
1345 1293 1468 1336 potest,
1493 1292 1558 1326 has
1582 1304 1698 1327 rerum
1722 1293 1830 1328 vndas

494 1348 531 1381 et
546 1347 638 1382 hanc
651 1347 815 1382 ecclesiae
830 1348 1074 1391 tempestatem
1090 1348 1187 1382 iussu
1202 1357 1265 1381 suo
1280 1346 1496 1389 tranquillet.

490 1430 494 1433 ,
540 1402 705 1446 Aggressi
725 1413 847 1436 sumus
865 1403 902 1437 et
922 1401 1041 1436 omnia
1060 1401 1136 1436 diui
1157 1401 1293 1439 Aurelii
1315 1400 1507 1444 Augustini
1527 1411 1632 1444 opera
1648 1412 1669 1436 e
1684 1401 1830 1436 vetustis

495 1456 752 1500 exemplaribus
780 1457 965 1491 emendata
988 1456 1131 1491 scholiis
1152 1455 1295 1489 adiectis
1317 1455 1447 1497 aedere,
1472 1455 1603 1489 notatis
1625 1466 1664 1489 ac
1687 1455 1829 1491 semotis

446 1518 482 1541 20
495 1522 583 1554 quae
608 1511 664 1545 illi
687 1511 775 1545 falso
798 1510 1058 1552 inscribuntur3
1080 1521 1218 1544 summa
1244 1508 1416 1543 librorum
1444 1509 1606 1544 omnium
1631 1509 1671 1546 in
1696 1512 1829 1554 septem

495 1567 612 1608 partes
639 1576 700 1600 seu
723 1567 839 1600 tomos
860 1564 1059 1600 distributa.
1103 1564 1247 1598 Primus
1271 1563 1476 1607 designatus
1504 1565 1579 1598 erat
1607 1574 1829 1609 progymnas-

495 1618 611 1661 matis,
633 1619 700 1653 hoc
720 1621 775 1653 est
789 1629 876 1663 quae
897 1619 1037 1663 scripsit
1059 1618 1327 1654 catechumenus
1348 1619 1409 1652 aut
1432 1618 1568 1653 circiter
1590 1618 1627 1653 id
1649 1618 1826 1663 temporis

490 1673 675 1707 Secundus
696 1673 861 1717 epistolis,
883 1684 1030 1717 quarum
1052 1672 1186 1717 aliquot
1207 1672 1347 1715 scripsit
1368 1672 1517 1708 iuuenis.
1565 1673 1706 1708 Tertius
1730 1673 1829 1709 desti-

495 1728 601 1761 natus
620 1729 695 1761 erat
714 1729 780 1764 τοῖς
794 1728 997 1772 θεωρητικαῖς,
1017 1728 1054 1761 id
1071 1729 1125 1761 est
1147 1725 1451 1770 contemplatiuis;
1472 1727 1571 1761 cuius
1591 1728 1728 1763 ordinis
1747 1729 1829 1763 sunt

445 1791 480 1820 ³5
495 1780 578 1815 libri
608 1780 872 1817 Confessionum
909 1784 946 1817 et
975 1781 1246 1825 soliloquiorum
1282 1780 1407 1824 hisque
1444 1781 1665 1818 consimiles:
1703 1783 1828 1827 quibus

493 1835 679 1880 adiungere
709 1838 784 1871 erat
808 1837 949 1873 animus
975 1836 1112 1873 libellos
1138 1835 1198 1880 qui
1222 1835 1422 1874 faciuntad
1443 1835 1704 1871 institutionem
1726 1838 1823 1873 vit-o.

495 1890 645 1932 Quartus
670 1890 828 1926 decretus
857 1893 931 1926 erat
951 1893 1016 1927 τοῖς
1039 1890 1230 1931 &San-nmis,
1256 1889 1322 1924 hoc
1343 1891 1397 1924 est
1418 1889 1457 1923 in
1480 1890 1607 1934 quibus
1631 1892 1732 1927 docet
1754 1903 1825 1927 rem

494 1944 742 1988 theologicam3
779 1946 885 1980 huius
914 1945 1033 1980 classis
1069 1946 1153 1979 sunt
1187 1944 1268 1979 libri
1299 1944 1353 1978 De
1382 1944 1539 1979 doctrina
1568 1945 1767 1981 Christiana
1793 1949 1827 1984 et

495 1997 578 2033 libri
596 2000 650 2034 De
669 1999 848 2036 Trinitate.
898 2000 1049 2042 Quintus
1070 1999 1248 2034 habuisset
1269 2000 1310 2032 τὰ
1330 1999 1497 2042 πολεμικά,
1518 1999 1557 2032 in
1578 1999 1709 2044 quibus
1730 2000 1826 2036 belli·

445 2062 484 2091 30
496 2055 635 2097 geratur
662 2054 828 2088 aduersus
856 2055 969 2088 varias
997 2052 1311 2088 haeresiarcharum
1342 2055 1458 2097 pestes
1470 2065 1479 2095 3
1516 2065 1586 2097 quo
1617 2055 1761 2098 quidem
1789 2056 1825 2091 in

495 2119 621 2152 genere
659 2107 796 2151 scripsit
833 2107 990 2152 plurima,
1025 2107 1064 2142 in
1094 2107 1221 2151 quibus
1257 2109 1341 2142 sunt
1373 2107 1456 2141 libri
1487 2109 1541 2142 De
1570 2108 1723 2143 Ciuitate
1749 2109 1824 2145 Dei.

496 2164 625 2197 Sextus
645 2162 857 2196 exhibuisset
875 2163 916 2196 τὰ
930 2163 1150 2207 tempsi-md,
1168 2161 1296 2206 quibus
1317 2164 1454 2197 enarrat
1476 2162 1616 2197 diuinae
1638 2164 1827 2208 scripturae

494 2217 617 2252 libros.
663 2216 841 2259 Septimus
862 2216 1038 2251 habuisset
1059 2218 1100 2251 τὸ,
1121 2216 1198 2252 νόθα
1221 2217 1273 2249 καὶ
1295 2216 1476 2259 ἀμφίβολα,
1500 2216 1565 2250 hoc
1586 2217 1642 2251 est
1662 2217 1722 2252 vel
1744 2218 1828 2254 falso

495 2272 551 2306 illi
573 2271 749 2315 inscripta,
775 2271 832 2306 vel
855 2271 930 2305 eius
957 2271 1094 2315 generis
1116 2272 1157 2305 vt
1177 2271 1303 2305 merito
1325 2272 1369 2305 de
1390 2272 1509 2305 autore
1532 2271 1680 2307 dubites.
1727 2272 1827 2308 Idem

445 2335 481 2364 35
496 2326 710 2361 indicaturus
732 2326 805 2359 erat
828 2336 917 2369 quae
940 2327 1140 2369 temporum
1166 2325 1293 2359 iniuria
1317 2324 1578 2359 interciderunt.
1627 2326 1829 2363 Deterrebst

495 2381 631 2424 negocii
654 2380 869 2423 magnitudo,
899 2380 960 2415 sed
985 2379 1159 2414 inuitabat
1187 2379 1318 2413 autoris
1343 2379 1480 2413 erudita
1509 2380 1628 2423 pietas,
1656 2380 1829 2417 inuitabat

495 2435 635 2479 publica
659 2433 800 2469 vtilitoe.
850 2434 1001 2469 Proinde
1024 2433 1240 2478 prouinciam
1264 2433 1473 2467 immensam
1495 2433 1535 2468 in
1556 2434 1676 2469 doctos
1696 2436 1829 2480 aliquot

494 2489 616 2533 partiti
644 2498 776 2530 sumus,
805 2488 856 2522 sic
881 2490 922 2523 vt
947 2499 1011 2523 sua
1039 2488 1161 2531 cuique
1187 2487 1301 2522 laudis
1326 2488 1438 2530 portio
1464 2490 1604 2523 manea
1627 2488 1824 2528 incolumis.

497 2544 649 2579 Tantum
664 2542 822 2577 laborum
837 2554 946 2588 quum
960 2543 1068 2587 gratis
1082 2542 1319 2585 suscipiamus,
1338 2541 1500 2577 iuuandis
1518 2542 1670 2585 publicis
1689 2546 1825 2588 studiis,

445 2606 483 2635 40
497 2599 615 2633 tamen
636 2598 771 2633 fortiter
793 2597 966 2631 oblatrant
988 2596 1138 2640 quidam,
1157 2597 1218 2639 qui
1241 2595 1389 2629 mallent
1408 2607 1466 2629 me
1486 2596 1633 2631 scribere
1653 2598 1698 2633 de
1717 2599 1830 2635 indul·

498 2652 625 2695 gentiis
639 2653 700 2686 aut
714 2652 759 2686 de
773 2650 975 2694 colligendis
990 2650 1105 2685 caseis.

543 2705 779 2750 Epistularum
816 2706 953 2739 tantum
984 2704 1195 2748 scripsimus,
1229 2706 1263 2739 et
1300 2704 1404 2739 hodie
1433 2704 1627 2750 scribimus,
1661 2708 1703 2744 vt
1735 2708 1831 2744 oneri

748 2785 793 2805 ω.
811 2778 854 2809 βε
871 2776 1105 2805 cathecumenus
1117 2785 1142 2805 α.
1264 2786 1309 2812 ⁴¹·
1328 2778 1428 2806 aute:
1447 2785 1482 2806 sc
1493 2787 1520 2821 γ.
