2248 3363
493 387 537 420 22
881 385 1091 420 LETTERS
1120 384 1180 419 OF
1208 382 1430 419 ERASMUS
1717 380 1822 429 [1523

491 473 565 508 Noe
594 472 660 508 vlli
689 472 891 508 mortalium
920 471 1123 507 huiusmodi
1144 471 1427 506 lucubrationum
1453 481 1610 505 mearum
1636 470 1825 515 quiequam

493 528 626 569 dicaui3
656 528 731 562 siue
753 527 844 572 quod
866 538 925 561 eas
945 527 1099 561 victuras
1119 537 1193 560 esse
1214 537 1275 560 nee
1295 536 1470 569 sperarem
1486 536 1549 559 nee
1563 526 1736 568 optarem,
1752 525 1825 560 siue

491 582 583 625 quod
615 582 747 615 nollem
778 592 977 625 quenquam
1007 581 1142 614 inuidia
1171 581 1365 624 degi-auare,
1390 580 1482 624 quod
1508 591 1572 623 ego
1597 591 1659 623 per
1681 591 1826 615 omnem

493 637 604 670 vitam
627 647 689 679 pro
708 636 844 670 viribus
864 637 949 678 caui,
967 647 1013 670 ne
1034 635 1119 679 quid
1141 646 1185 668 ex
1205 646 1262 669 me
1282 634 1462 669 molestiae
1480 634 1606 668 rediret
1621 634 1666 668 ad
1683 634 1824 669 amieos.

464 707 480 734 5
494 690 666 724 Martinus
692 691 841 733 Dorpius
868 690 1115 734 instigantibus
1137 689 1346 732 quibusdam
1371 689 1507 732 primus
1529 688 1690 723 omnium
1714 688 1827 732 eoepit

492 744 533 779 in
564 756 620 778 me
649 745 809 787 velitari;
839 744 896 779 eui
925 744 1166 788 respondimus
1194 745 1235 777 vt
1260 743 1372 778 amico
1398 743 1518 785 amiee,
1543 743 1647 777 vnica
1677 743 1827 786 epistola

493 799 747 843 patrocinantes
761 799 890 834 Moriae
904 800 941 833 et
956 798 1057 832 Nouo
1070 798 1302 832 Testamento.
1333 797 1404 832 Nee
1418 798 1463 832 ob
1477 798 1569 832 hane
1582 797 1826 832 velitationem

494 854 639 888 discissa
658 855 711 888 est
730 855 850 888 nostra
870 852 1095 895 necessitudo,
1113 853 1205 895 quod
1225 852 1349 886 scirem
1363 852 1469 886 illum
1488 863 1561 886 non
1576 853 1656 886 odio
1671 852 1744 886 mei
1758 852 1826 886 hue

494 908 640 949 venisse,
665 908 724 942 sed
747 909 910 942 iuuenem
931 909 1010 941 tum
1032 918 1072 941 ao
1094 909 1216 941 natura
1237 907 1374 940 facilem
1395 907 1546 941 aliorum
1567 907 1727 950 impulsu
1753 918 1825 951 pro·

447 974 482 995 ιο
495 963 598 997 trudi.
654 963 825 997 Suceessit
853 962 935 996 huie
965 961 1115 996 Iacobus
1144 961 1255 995 Faber
1285 961 1513 1004 Stapulensis,
1537 961 1596 995 vir
1623 960 1763 1004 integer
1791 963 1827 995 et

493 1017 650 1052 eruditus
671 1018 830 1061 mihique
850 1018 967 1051 vetere
989 1016 1130 1050 iunctus
1145 1015 1316 1050 amicitia.
1361 1015 1427 1050 Cui
1446 1016 1496 1050 sic
1515 1015 1771 1059 respondimus,
1789 1018 1827 1051 vt

493 1083 572 1106 eam
587 1073 827 1106 neeessitatem
845 1071 926 1105 fatis
946 1071 1118 1114 imputare
1137 1070 1364 1104 maluerimus
1381 1081 1486 1114 quam
1503 1070 1663 1112 homini;
1696 1081 1762 1104 neo
1782 1069 1825 1104 ob

488 1137 575 1161 eum
589 1137 717 1168 casum,
728 1126 869 1160 tametsi
882 1137 1035 1169 grauem,
1047 1125 1103 1159 illi
1115 1126 1271 1159 nostram
1285 1125 1476 1159 amicitiam
1492 1125 1824 1160 renunciauerimus.

495 1181 587 1215 Nam
603 1182 637 1215 et
658 1180 760 1214 hodie
780 1182 898 1215 manet
919 1179 1105 1214 incolumis
1126 1179 1220 1213 inter
1238 1190 1303 1213 nos
1320 1179 1562 1214 beneuolentia
1576 1181 1709 1214 mutua.
1758 1180 1825 1214 Hie

445 1247 481 1276 15
495 1234 585 1268 mihi
610 1234 714 1277 periit
737 1245 839 1277 opera
862 1234 998 1268 dierum
1025 1234 1215 1268 duodecim.
1262 1234 1335 1267 Nee
1357 1234 1410 1268 ita
1434 1234 1548 1268 multo
1573 1236 1653 1276 post
1675 1234 1827 1278 prosiliit

495 1288 678 1322 Eduardus
699 1289 797 1330 Leus,
814 1300 857 1322 ex
877 1289 990 1322 amieo
1011 1288 1129 1322 subito
1151 1289 1263 1322 factus
1283 1288 1401 1331 hostis,
1419 1289 1478 1332 qui
1500 1288 1551 1322 sio
1568 1299 1755 1332 aggressus
1774 1291 1826 1323 est

492 1345 535 1377 vt
554 1343 658 1386 plane
678 1343 789 1377 nollet
808 1343 964 1388 ζωγρεῖν,
980 1342 1042 1377 sed
1062 1342 1287 1377 internitione
1302 1342 1469 1377 conficere
1484 1343 1598 1377 totum
1617 1342 1827 1386 Erasmum3

490 1397 552 1430 eui
574 1397 816 1440 respondimus
838 1397 951 1431 tribus
972 1396 1111 1438 libellis,
1136 1398 1276 1431 tametsi
1297 1398 1448 1431 secunda
1472 1397 1643 1432 seditione
1669 1398 1827 1442 primum

494 1452 686 1494 omisimus,
698 1452 788 1496 quod
804 1451 835 1486 is
850 1454 990 1486 tantum
1001 1451 1044 1485 sd
1059 1451 1265 1485 virulentias
1279 1452 1375 1486 illius
1386 1454 1422 1486 et
1432 1452 1511 1496 plus
1521 1463 1627 1496 quam
1639 1453 1827 1488 muliebres

447 1506 589 1541 aorixas
617 1505 846 1549 responderet,
873 1517 916 1539 ex
947 1505 1073 1549 quibus
1096 1506 1139 1540 ad
1170 1506 1333 1539 lectorem
1363 1506 1463 1540 nulla
1492 1506 1604 1540 redire
1626 1509 1745 1550 posset
1771 1508 1827 1542 vel

494 1560 629 1594 vtilitas
650 1560 707 1594 vel
729 1560 899 1603 voluptas.
953 1559 1024 1594 Hic
1045 1560 1136 1594 mihi
1157 1560 1336 1604 perierunt
1357 1561 1433 1595 dies
1455 1561 1562 1595 simul
1585 1562 1771 1597 scribendo
1793 1564 1827 1597 et

492 1614 647 1649 sedendo
662 1616 757 1658 (nam
767 1626 893 1649 omnes
907 1614 1050 1658 paginas
1066 1614 1141 1657 ipse
1161 1614 1307 1657 correxi)
1322 1615 1597 1659 qm’nquaginta5
1626 1617 1663 1651 id
1684 1628 1827 1660 possum

495 1669 617 1702 dooere
645 1669 800 1703 testibus.
870 1668 1050 1711 Prorepsit
1075 1669 1200 1703 deinde
1223 1669 1369 1703 Iacobus
1393 1671 1568 1712 Latomus,
1591 1672 1670 1706 tum
1692 1672 1827 1707 laureae

497 1722 721 1766 Theelegieae
744 1722 957 1765 candidatus,
987 1734 1073 1766 quae
1100 1723 1214 1757 neseio
1240 1734 1308 1767 quo
1334 1725 1434 1767 paeto
1460 1724 1532 1758 iam
1561 1725 1665 1759 annis
1694 1726 1828 1770 aliquot

447 1792 480 1821 ²5
495 1777 645 1811 Louanii
670 1778 731 1811 vix
757 1777 823 1811 vui
846 1777 1002 1821 contigit,
1028 1777 1098 1810 nisi
1127 1777 1225 1820 prius
1250 1778 1364 1813 aedito
1391 1779 1578 1821 specimine
1603 1782 1825 1823 συκοφαντίας.

496 1832 612 1866 Huius
627 1832 756 1872 libello,
771 1831 935 1875 quoniam
947 1832 1097 1875 obliquis
1111 1832 1265 1875 strophis
1277 1833 1435 1867 hominis
1449 1833 1630 1877 ingenium
1645 1835 1824 1879 referebat,

493 1886 680 1931 plusquam
703 1889 879 1922 λακωνικῶς
904 1887 1151 1930 respondimus,
1180 1887 1322 1921 interim
1353 1890 1389 1921 et
1419 1888 1464 1922 ab
1490 1889 1672 1924 affectibus
1698 1892 1828 1935 tempe-

495 1943 633 1983 rantes;
666 1941 834 1985 quoniam
864 1952 943 1985 spes
974 1943 1051 1975 tum
1077 1943 1149 1975 erat
1176 1941 1356 1976 hominem
1386 1943 1573 1986 aliquando
1602 1945 1827 1987 sumpturum

496 2005 611 2029 mores
639 1995 817 2039 aliquanto
847 1995 1070 2030 candidiores.
1130 1996 1200 2030 Hie
1229 1996 1320 2030 mihi
1348 1997 1453 2040 periit
1490 1997 1655 2039 triduum,
1685 2000 1828 2041 exoepto

449 2062 485 2090 30
497 2051 652 2091 tempore
674 2060 742 2092 quo
772 2049 841 2093 legi
871 2050 1008 2083 libellos
1037 2049 1143 2092 illius,
1169 2050 1254 2084 dum
1284 2062 1388 2085 curru
1413 2052 1531 2085 vehor.
1590 2052 1829 2087 Subornarant

495 2105 534 2137 et
554 2104 734 2145 Atensem,
754 2104 830 2137 eius
851 2104 1060 2138 Academiae
1081 2106 1159 2138 tum
1179 2105 1518 2147 Vioeeaneellarium,
1540 2106 1689 2149 probum
1711 2107 1829 2141 virum

495 2159 533 2191 et
561 2157 600 2191 in
627 2169 664 2191 re
694 2157 900 2201 'theologica
925 2159 1024 2192 nullo
1055 2159 1128 2192 illio
1157 2170 1228 2193 non
1254 2160 1477 2203 superiorem,
1509 2161 1656 2205 denique
1685 2172 1750 2196 nee
1779 2162 1830 2196 in-

497 2212 693 2246 humanum
714 2214 750 2246 et
772 2212 864 2246 mihi
885 2215 970 2246 satis
991 2212 1153 2254 amicum,
1170 2215 1229 2248 sed
1250 2215 1392 2258 ingenio
1413 2216 1567 2249 iritabili.
1615 2216 1662 2250 Et
1684 2217 1829 2251 aderant

496 2267 654 2307 artifices,
674 2266 735 2310 qui
758 2267 917 2310 quamuis
938 2267 1115 2310 placidum
1136 2268 1318 2312 ingenium
1341 2272 1481 2313 possent
1504 2270 1543 2303 in
1559 2270 1692 2304 rabiem
1716 2282 1828 2314 agere,

448 2333 483 2362 35
497 2323 588 2356 certe
612 2322 716 2355 illum
740 2321 956 2365 impulerunt
979 2322 1016 2356 iu
1039 2325 1199 2357 mortem.
1244 2323 1316 2358 Neo
1338 2325 1435 2358 enim
1457 2327 1531 2358 erat
1553 2325 1650 2359 illius
1672 2327 1770 2360 aetas
1790 2336 1829 2360 ae

495 2376 660 2411 valetudo
674 2387 737 2419 par
755 2376 958 2411 huiusmodi
973 2377 1157 2421 tragoediis
1171 2378 1394 2413 sustinendis.
1443 2380 1558 2422 Hunc,
1575 2380 1733 2423 inquam,
1751 2381 1829 2415 sub·

495 2433 662 2465 ornarant
685 2432 725 2465 vt
751 2431 791 2464 in
820 2431 957 2474 publiea
982 2432 1108 2473 schola,
1134 2432 1172 2465 in
1199 2434 1279 2467 aetu
1309 2433 1454 2476 solenni,
1480 2434 1581 2468 miris
1608 2434 1765 2477 strophis
1789 2446 1829 2469 ae

495 2485 650 2520 dicteriis
665 2484 816 2529 obliquis
826 2486 1072 2529 perstringeret
1086 2497 1151 2529 me,
1165 2487 1272 2522 etiam
1287 2488 1467 2522 haereseos
1480 2490 1601 2522 notam
1615 2488 1827 2533 impingens,

533 2572 559 2592 ε.
584 2572 735 2599 sperarem
755 2584 783 2592 ..
804 2583 811 2591 .
833 2566 966 2599 optarem
987 2565 1026 2595 B:
1053 2573 1170 2601 sperem
1189 2586 1197 2595 .
1216 2587 1225 2594 .
1245 2587 1252 2595 .
1271 2568 1373 2602 optem
1393 2577 1420 2595 α.
1544 2575 1586 2595 11.
1612 2568 1653 2598 B:
1681 2568 1780 2597 veteri
1800 2578 1829 2597 α.

497 2607 544 2634 30.
562 2602 601 2631 βε
619 2601 830 2629 subornarunt
840 2611 869 2629 a.

534 2707 579 2725 22.
599 2699 726 2735 correxi]
744 2700 831 2728 with
845 2700 979 2728 Mar-tens
990 2699 1052 2728 and
1065 2700 1134 2728 Fro-
1189 2700 1267 2728 later
1277 2709 1383 2736 yearsz
1401 2701 1487 2729 these
1505 2702 1615 2736 replies
1625 2703 1658 2730 to
1676 2702 1736 2730 Lee
1748 2710 1829 2730 were

498 2735 556 2763 ben
575 2735 602 2763 it
619 2743 743 2771 appears
760 2737 829 2764 that
847 2737 990 2765 Erasmus
1007 2736 1061 2764 did
1079 2738 1134 2764 not
1189 2737 1241 2764 the
1260 2737 1326 2765 first
1344 2738 1436 2765 books
1454 2738 1615 2774 published
1635 2738 1682 2766 for
1699 2739 1767 2767 him
1789 2740 1829 2774 by

498 2774 612 2800 oon-eet
627 2772 677 2800 his
695 2780 763 2801 own
779 2773 886 2809 proofs,
901 2775 932 2801 at
946 2781 1008 2809 any
1021 2775 1085 2801 rate
1100 2773 1133 2801 in
1189 2773 1306 2809 Hillsn,
1314 2775 1345 2802 at
1352 2774 1739 2811 Antwerp,Apri12n‹1u⁸y
1747 2783 1825 2811 1⁵⁸0·
