2248 3363
492 386 534 418 24
880 383 1090 418 Lm'fflRs
1119 382 1179 417 OF
1208 381 1431 417 ERASMUS
1668 379 1823 429 [¹5²3·4

488 473 689 507 sanctorum
710 472 859 514 patrum,
883 469 945 514 qui
967 468 1099 503 faciunt
1120 468 1163 503 ad
1185 468 1362 512 pietatem.
1408 468 1488 503 Imo
1509 478 1582 504 non
1607 468 1739 504 desunt
1762 468 1825 513 qui

489 527 632 562 credant
661 525 791 560 talibus
820 523 1002 568 praesidiis
1031 525 1126 558 reete
1164 523 1305 558 defendi
1333 525 1466 558 statum
1496 523 1684 566 eeclesiam
1723 523 1825 558 onim

490 579 626 624 negocii
640 590 721 614 eum
735 578 825 617 illud
840 578 887 613 sit
906 578 1018 622 eaput,
1037 579 1077 612 vt
1100 578 1191 620 apud
1211 588 1334 612 omnes
1353 578 1490 622 pondus
1504 577 1656 614 habeant
1670 578 1824 613 Romni

491 633 674 669 Pontifiois
702 633 979 674 constitutiones,
1006 632 1073 667 iste
1097 643 1136 666 re
1158 632 1235 676 ipsa
1263 632 1362 666 dooet
1385 633 1556 675 quantum
1586 632 1660 667 illis
1690 633 1740 668 sit
1765 633 1825 667 tri·

462 703 478 730 5
492 689 671 724 buendum
693 688 785 732 apud
804 688 891 722 alias
910 687 1077 728 nationes,
1094 698 1175 722 oum
1196 686 1270 730 ipse
1290 687 1419 720 Romae
1432 687 1536 721 toties
1549 687 1694 730 impuno
1708 688 1825 722 rideat

491 743 705 779 Pontificum
719 743 755 776 et
770 742 1008 778 Oardinalium
1021 742 1145 777 edicta.
1200 741 1422 784 Respondent
1436 752 1508 775 non
1522 741 1624 776 aliter
1638 742 1824 778 Stunienm

491 797 634 833 tolerari
661 797 794 833 Romae
823 808 929 840 quam
959 795 1187 839 Pasquillum.
1253 795 1385 830 verum
1415 795 1616 839 Pasquillus
1645 798 1682 830 et
1710 796 1825 834 leuius

492 851 631 893 insanit,
650 853 686 885 et
701 852 811 886 semel
826 852 995 887 duntaxat
1009 851 1048 884 in
1069 861 1171 884 anno.
1219 849 1295 885 Iste
1311 849 1521 894 posthabitis
1540 850 1644 886 nebus
1657 851 1825 886 omnibus

492 906 583 942 nihil
599 907 693 941 aliud
714 907 808 950 agit;
831 908 868 940 et
881 906 973 940 hano
990 907 1090 949 putat
1110 904 1295 940 mirificam
1316 904 1491 948 quandam
1510 905 1725 940 felicitatem.
1773 906 1826 941 De

447 973 480 993 ιο
493 961 644 996 Gai-anza
669 961 761 997 nihil
785 961 898 1002 audio,
923 960 985 994 sed
1008 959 1152 995 Stuniea
1177 960 1273 993 totus
1298 959 1493 995 etiamnum
1521 960 1559 993 in
1584 961 1729 1003 negooio
1752 963 1825 995 est:

492 1014 702 1057 obambulat,
736 1015 856 1057 ambit,
888 1014 1018 1058 satagit
1054 1014 1146 1057 apud
1173 1013 1390 1056 Pontificem,
1422 1015 1463 1048 vt
1500 1014 1605 1050 liceat
1640 1016 1714 1049 tres
1744 1015 1827 1050 illos

492 1070 715 1106 admirandos
734 1069 872 1104 libellos
889 1070 1010 1104 sedere
1032 1080 1113 1104 oum
1134 1068 1327 1103 autoritate.
1374 1068 1547 1112 Equidem
1569 1069 1723 1102 demiror
1746 1080 1826 1112 quo·

492 1125 642 1160 tundam
665 1124 851 1160 hominum
876 1123 1046 1167 perditam
1078 1123 1342 1166 impudentiam,
1371 1123 1433 1166 qui
1464 1134 1574 1166 quum
1602 1123 1697 1157 vltro
1726 1125 1826 1160 tanta

493 1179 685 1214 virulentia
709 1178 886 1213 incessant
914 1179 1001 1213 alios
1030 1177 1247 1213 benemereti
1275 1177 1465 1219 studentes,
1490 1178 1593 1212 toties
1618 1177 1826 1221 deprehensi

446 1245 478 1272 ¹5
493 1232 532 1268 in
554 1232 749 1268 manifestis
770 1232 952 1274 erroribus,
971 1234 1091 1266 tamen
1114 1232 1213 1276 quasi
1234 1242 1272 1266 re
1295 1232 1382 1267 bene
1404 1235 1500 1276 gesta
1516 1243 1638 1268 rursus
1654 1233 1825 1276 prodeant

493 1287 533 1321 in
547 1287 721 1329 harenam,
736 1287 829 1322 vltro
842 1289 1067 1331 prouocantes
1081 1286 1124 1320 ad
1139 1288 1325 1322 certamen.
1367 1286 1439 1322 Neo
1452 1297 1490 1321 se
1505 1289 1655 1331 purgant
1669 1287 1824 1329 interim,

494 1341 554 1374 sed
574 1342 724 1385 pergunt
743 1341 781 1376 in
804 1341 891 1375 alios
912 1341 1028 1377 lutum
1050 1341 1168 1376 iacere.
1216 1341 1291 1384 Ego
1312 1343 1413 1383 certe,
1436 1341 1467 1375 si
1489 1341 1573 1385 quid
1596 1342 1687 1378 mihi
1709 1343 1826 1378 simile

493 1395 682 1438 accidisset,
706 1396 871 1431 obderem
895 1397 1026 1429 memet
1052 1395 1090 1429 in
1117 1395 1350 1437 solitudinem,
1378 1398 1414 1430 et
1438 1397 1585 1439 puderet
1613 1407 1758 1433 rursum
1787 1396 1825 1431 in

493 1450 709 1485 eruditorum
723 1451 907 1484 hominum
923 1450 1062 1493 prodire
1076 1450 1265 1486 theatrum.
1305 1450 1456 1485 Veniam
1471 1452 1592 1485 exorat
1604 1452 1666 1495 qui
1680 1451 1827 1486 studens

447 1519 480 1539 ιο
493 1505 683 1550 promereri
711 1504 866 1546 labitur3
903 1504 983 1549 quis
1017 1506 1136 1538 autem
1165 1504 1321 1548 ignoscat
1350 1504 1408 1539 his
1441 1505 1502 1549 qui
1530 1505 1582 1540 sie
1616 1506 1826 1549 impetentes

494 1559 604 1594 alium
629 1559 699 1602 ipsi
727 1559 929 1603 turpissime
958 1558 1151 1595 labuntur?
1206 1559 1350 1593 Stunioa
1374 1559 1551 1603 primitias
1575 1572 1658 1595 suae
1682 1561 1826 1595 maledi·

494 1613 625 1647 oentiae
647 1613 822 1648 aediderat
847 1613 1033 1657 Compluti.
1079 1613 1212 1649 Verum
1235 1624 1344 1657 quum
1367 1617 1485 1648 essent
1507 1616 1607 1659 pauci
1632 1616 1695 1659 qui
1717 1616 1826 1651 talem

495 1666 625 1703 librum
651 1667 784 1701 vellent
809 1669 976 1711 emptum,
996 1668 1092 1702 velut
1115 1668 1249 1711 ἔμπορος
1272 1668 1421 1703 Romam
1447 1680 1580 1704 meroes
1604 1682 1685 1705 suas
1708 1672 1827 1715 depor-

494 1721 598 1758 tauit.
643 1722 826 1766 Quumque
845 1722 995 1766 reliquas
1012 1723 1258 1766 sycophantias
1271 1734 1333 1765 per
1353 1723 1506 1758 Leonem
1526 1724 1734 1761 Pontificem
1754 1736 1826 1762 non

447 1792 479 1819 ²5
495 1775 614 1812 liceret
638 1777 769 1819 sedere,
793 1778 872 1820 post
896 1777 1001 1813 huius
1031 1777 1166 1812 obitum
1195 1777 1386 1821 interregni
1411 1779 1567 1821 tempore
1592 1779 1763 1823 vulgauit,
1787 1782 1840 1819 vt¹

495 1831 578 1874 dixi,
595 1832 776 1876 quaedam,
799 1832 977 1866 aeditui-us
996 1832 1108 1875 plura,
1132 1831 1172 1866 ni
1194 1832 1433 1868 Cardinalium
1455 1833 1569 1867 edicto
1591 1834 1699 1870 semel
1722 1837 1827 1878 atque

493 1886 621 1925 iterum
646 1886 770 1922 fifisset
793 1886 975 1922 cohibitus.
1023 1886 1115 1920 Nam
1137 1886 1317 1922 Adrianus
1338 1887 1534 1930 complures
1554 1899 1692 1923 menses
1713 1889 1828 1924 haesit

492 1941 533 1979 in
548 1941 729 1984 Hispania,
746 1941 949 1985 priusquam
963 1952 1001 1975 se
1016 1941 1166 1976 Romam
1186 1941 1366 1976 conferret.
1415 1941 1599 1985 Quumque
1617 1942 1710 1986 apud
1733 1943 1826 1977 hune

496 2006 632 2038 quoque
646 1995 776 2031 frustra
795 1996 940 2030 molitus
957 1997 1048 2029 esset
1062 1997 1102 2029 vt
1117 1995 1236 2030 liceret
1251 1996 1343 2039 quod
1357 1996 1542 2040 scripserat
1556 1998 1728 2040 emittens,
1744 2009 1827 2032 mox

449 2062 483 2090 30
497 2049 541 2083 ab
567 2050 672 2085 huius
694 2050 792 2085 obitu
816 2050 920 2086 rediit
940 2050 986 2083 ad
1009 2050 1213 2093 ingenium;
1242 2050 1393 2094 dumque
1416 2051 1616 2086 Cardinales
1633 2051 1763 2087 inclusi
1784 2052 1827 2087 de

497 2115 591 2138 nouo
610 2104 781 2138 Pontifiee
796 2105 942 2139 creando
956 2104 1140 2146 decertant,
1157 2103 1275 2138 emisit
1293 2105 1534 2141 oonclusiones
1551 2105 1686 2149 aliquot
1698 2117 1743 2142 ex
1757 2117 1827 2141 om·

497 2158 600 2194 nibus
615 2158 704 2192 meis
718 2158 1016 2193 lucubrationibus
1030 2158 1217 2201 decerptas,
1234 2159 1407 2194 adornans
1422 2160 1566 2194 interim
1585 2162 1621 2194 et
1640 2160 1777 2205 reliqua
1789 2161 1828 2195 in

496 2213 625 2256 vulgus
647 2213 736 2247 dare.
784 2212 832 2247 Et
854 2212 1000 2254 fecisset,
1021 2212 1060 2248 ni
1083 2213 1273 2248 Clementis
1295 2213 1436 2257 septimi
1456 2215 1623 2250 autoritas
1644 2216 1827 2251 hominem

495 2268 611 2311 palam
625 2268 804 2302 furentem
818 2267 1090 2312 oompesouisset.
1137 2268 1184 2303 Et
1201 2267 1283 2303 huie
1298 2268 1408 2311 igitur
1421 2268 1542 2304 libello
1555 2269 1673 2313 paucis
1688 2280 1829 2314 respon·

448 2333 482 2363 35
496 2322 622 2362 dimus,
640 2332 838 2365 quanquam
853 2323 889 2356 et
904 2324 986 2356 ante
1000 2322 1071 2356 iam
1087 2322 1384 2366 responderamus.

541 2376 607 2411 Est
631 2376 780 2410 Louanii
803 2376 1000 2419 Theologus
1022 2376 1165 2420 quidam
1189 2377 1385 2418 Oai-melita,
1411 2378 1473 2421 qui
1501 2389 1539 2412 se
1568 2378 1710 2422 gloriari
1739 2380 1829 2415 solet

495 2431 624 2465 habere
642 2430 802 2473 linguam
821 2442 885 2474 pro
904 2432 1057 2473 calam03
1079 2434 1115 2465 et
1134 2431 1279 2465 omnino
1296 2431 1453 2475 linguam
1475 2432 1590 2475 habet,
1605 2433 1665 2467 sed
1683 2433 1828 2477 dignam

494 2502 749 2583 -spghggrgfflssng
755 2502 1376 2583 ια’ξίωξίῗῗιῇᾗᾷἃιξῖἰιὲοᾘίιιῗέῃτάαἴῖἓω,
1392 2504 1829 2586 quuffi'ssffssss'ifiieffssig

494 2575 1830 2649 mustffiroezktuzgvssazsszgzzssffizaffizzzsffimmffi„ww”

498 2649 605 2675 rentur
616 2649 679 2675 suis
690 2649 817 2685 praeliag
835 2656 895 2683 quo
905 2649 1026 2675 nomine
1037 2649 1230 2676 vehementer
1241 2649 1334 2677 etiam
1347 2649 1411 2678 iuis
1422 2650 1606 2687 indignatur,
1616 2653 1646 2679 et
1657 2652 1828 2687 perieulum

498 2688 543 2712 est
557 2693 595 2711 ne
606 2685 639 2711 in
653 2685 722 2712 illos
734 2693 854 2720 quoque
866 2685 976 2713 sex-ibat
987 2684 1105 2719 aliquid
1117 2694 1143 2713 α.

855 2774 900 2808 se
921 2773 1097 2810 carmena]
1109 2773 1249 2801 moonu·
1260 2773 1481 2810 Egmoudanun.
