2248 3363
495 387 535 418 12
879 385 1091 420 LETTERS
1121 385 1182 420 oF
1211 384 1433 419 ERASMUS
1671 384 1823 427 [1523-4

489 472 606 506 creber
619 472 674 507 sit.
726 473 840 516 Atque
859 472 944 507 haee
957 472 1089 508 scilicet
1107 472 1320 516 respondent
1337 471 1531 516 palinodiae
1551 482 1655 516 quam
1677 471 1739 505 ille
1757 471 1825 505 sub

490 537 569 561 meo
594 527 739 561 nomine
764 527 945 571 pollicetur
964 527 1003 566 in
1024 527 1162 561 falsaris
1181 526 1401 571 praefatione,
1426 526 1524 570 quasi
1550 526 1754 569 cuiusquam
1776 526 1825 560 sit

490 592 611 615 canere
634 581 846 624 palinodiam
869 582 996 615 erroris
1018 581 1133 623 alieni,
1162 582 1224 615 aut
1247 580 1346 624 qusai
1371 580 1533 624 quicquid
1558 580 1631 614 illic
1654 580 1721 614 sub
1744 591 1827 624 qua-

490 646 626 678 cunque
636 646 782 678 persona
791 636 927 678 dicitur,
939 647 1058 670 meum
1073 636 1122 669 sit
1132 635 1267 679 dogma.
1303 635 1402 669 Nihil
1413 634 1509 668 enim
1521 646 1579 669 me
1590 636 1718 675 mouet,
1730 635 1825 679 quod

460 703 476 731 5
491 688 669 723 hominem
690 689 845 727 nondum
860 689 1119 733 sexagenarium
1138 689 1221 726 facit
1236 689 1414 733 praegraui
1428 691 1573 723 senecta.
1623 689 1720 723 Olim
1736 689 1826 733 capi·

489 743 559 776 tale
574 746 646 778 erat
660 744 781 778 aeden-e
795 744 980 788 quicquam
1000 744 1113 778 alieno
1136 744 1288 786 nomine,
1307 754 1401 778 nunc
1421 743 1509 778 tales
1528 743 1770 788 sycophantias
1784 743 1825 778 in

490 798 619 841 vulgus
640 808 799 841 spargere
816 798 898 833 ficto
920 798 1029 842 ipsius
1051 798 1195 832 nomine
1214 798 1274 842 qui
1291 798 1494 838 traducitur,
1515 797 1620 832 ludus
1637 799 1691 831 est
1710 798 1825 832 Theo-

492 853 661 895 logorum.
710 853 801 887 Nam
823 853 902 887 vult
924 852 1119 895 Theologus
1140 852 1261 894 videri,
1280 863 1389 896 quum
1410 863 1467 886 res
1484 852 1587 887 illum
1607 852 1764 886 clamitet
1779 863 1826 886 ne

491 907 605 950 pilum
627 907 766 950 quidem
789 909 907 941 tenere
928 907 978 940 rei
997 907 1218 950 theologicae.
1267 906 1339 940 Nec
1353 906 1476 940 dubito
1496 907 1582 950 quin
1601 907 1743 940 furcifer
1763 907 1827 941 ille

446 976 481 996 ιο
493 961 682 1001 mendaciis
706 962 780 998 suis
804 961 996 1004 inposuerit
1018 961 1178 996 famelico
1198 961 1436 1004 typographo;
1462 971 1535 995 non
1556 961 1652 994 enim
1676 961 1827 995 arbitror

493 1026 687 1060 quenquam
710 1027 785 1050 esse
807 1018 882 1051 tam
904 1016 1077 1057 insanum,
1097 1015 1157 1060 qui
1180 1016 1292 1050 sciens
1313 1018 1387 1050 tam
1407 1015 1563 1050 indoctas
1583 1016 1725 1049 naenias
1738 1015 1827 1050 velit

492 1070 667 1104 excudere.
716 1070 939 1113 Deploratam
961 1070 1116 1104 hominis
1138 1070 1316 1105 audaciam
1339 1069 1458 1104 mirari
1480 1070 1576 1112 desii,
1602 1072 1828 1114 posteaquam

492 1124 650 1163 intellexi
663 1124 766 1162 illum
781 1135 856 1158 esse
870 1124 1006 1167 pullum
1022 1136 1042 1160 e
1057 1124 1141 1158 nido
1156 1124 1327 1159 Bernensi
1342 1124 1517 1167 quondam
1536 1124 1704 1167 elapsum,
1723 1124 1828 1167 plane

493 1181 529 1212 ἐκ
552 1179 700 1212 κακίστου
723 1179 853 1222 κόρακος
875 1179 1024 1212 κάκιστον
1046 1179 1114 1213 adv.
1162 1179 1259 1213 Illud
1283 1179 1444 1219 demiror,
1461 1179 1492 1212 si
1510 1190 1634 1213 verum
1656 1181 1710 1212 eet
1733 1178 1828 1222 quod

447 1249 479 1277 15
493 1234 656 1275 adfertur,
669 1233 761 1275 apud
773 1232 925 1267 Parisios
938 1244 1012 1267 esse
1025 1234 1225 1277 Theologos,
1238 1234 1296 1277 qui
1309 1233 1375 1267 sibi
1391 1233 1566 1276 plaudant,
1581 1233 1673 1276 quod
1684 1232 1828 1266 tandem

494 1287 586 1324 nacti
603 1288 675 1322 sint
688 1287 870 1326 hominem
885 1287 946 1331 qui
962 1287 1177 1331 eloquentiae
1192 1299 1275 1322 suae
1288 1287 1437 1321 fulmine
1458 1287 1605 1322 disiiciat
1625 1286 1829 1321 vniuersam

494 1343 615 1377 Luteri
629 1342 824 1384 factionem,
842 1343 877 1375 et
893 1341 1073 1376 ecclesiam
1088 1342 1255 1384 pristinae
1270 1342 1430 1376 restituat
1445 1341 1699 1385 tranquillitati.
1735 1340 1829 1375 Nam

494 1396 631 1439 scripsit
656 1398 692 1430 et
717 1397 884 1432 aduersus
908 1396 1087 1438 Luterum,
1117 1398 1158 1430 vt
1181 1396 1294 1431 audio.
1343 1397 1392 1430 Et
1415 1398 1533 1439 postea
1559 1396 1725 1438 Theologi
1751 1406 1830 1439 que-

494 1455 622 1487 runtur
645 1462 683 1485 se
709 1462 730 1486 a
756 1451 856 1485 nobis
886 1451 1030 1492 traduci,
1057 1451 1119 1494 qui
1149 1451 1265 1485 studia
1292 1451 1446 1494 ipsorum
1476 1451 1586 1484 tantis
1613 1450 1744 1493 vigiliis
1770 1451 1829 1484 ad·

447 1506 665 1547 minuamus,
683 1516 791 1549 quum
814 1504 882 1548 ipsi
904 1504 1062 1541 volentes
1083 1506 1337 1548 amplectantur
1358 1506 1442 1539 talia
1461 1507 1628 1546 monstra,
1646 1515 1733 1548 quae
1748 1504 1830 1548 plus

495 1561 671 1596 dedecoris
692 1559 855 1593 adferunt
876 1558 992 1594 ordini
1015 1559 1279 1603 Theologurum,
1305 1563 1409 1604 atque
1431 1561 1539 1594 etiam
1562 1559 1826 1600 monachorum,

495 1625 599 1658 quam
624 1614 741 1657 quiuis
768 1613 961 1657 quamlibet
983 1614 1173 1648 maledicus
1200 1614 1312 1649 hostis
1334 1617 1458 1658 posset.
1508 1614 1577 1657 Qui
1599 1614 1670 1648 tale
1693 1613 1832 1648 facinus

495 1669 610 1710 audet,
644 1668 739 1701 idem
771 1679 842 1701 non
872 1667 1046 1701 dubitabit
1074 1668 1277 1703 incendium
1311 1671 1371 1703 aut
1400 1669 1607 1703 veneficium
1633 1668 1828 1703 admittere.

495 1724 612 1766 Atque
641 1723 726 1756 haec
758 1722 978 1756 excuduntur
1006 1722 1175 1765 Lutetiae,
1208 1723 1269 1756 vbi
1300 1724 1397 1757 nefas
1427 1725 1481 1758 est
1508 1723 1567 1758 vel
1597 1723 1831 1765 Euangelium

448 1794 481 1823 ²5
494 1777 627 1821 excudi,
658 1777 727 1811 nisi
756 1777 1011 1820 Theologorum
1042 1788 1186 1811 censura
1215 1778 1484 1821 comprobatum.
1533 1777 1610 1811 Hoc
1640 1777 1832 1820 colloquio-

496 1842 575 1865 rum
606 1842 694 1875 opus
719 1833 935 1875 postremum
963 1831 1048 1865 exiit
1077 1833 1221 1867 auctum
1248 1833 1420 1874 coronide,
1450 1833 1557 1866 Anno
1587 1841 1683 1876 1524,
1711 1842 1831 1866 mense

495 1885 701 1929 Septembri.

540 1941 722 1976 Caeterum
742 1940 909 1985 quoniam
927 1939 1091 1974 videbam
1113 1940 1246 1975 multos
1268 1941 1451 1984 scriptores
1464 1940 1522 1974 vel
1543 1940 1673 1984 negligi
1689 1951 1833 1984 prorsus

495 1994 554 2030 vel
579 1996 715 2029 minore
738 2005 820 2029 cum
846 1995 961 2029 fructu
989 1994 1069 2038 legi,
1094 1996 1185 2039 quod
1205 1995 1360 2039 Vndique
1385 1997 1556 2030 scaterent
1581 1995 1727 2036 mendis,
1751 1997 1833 2029 tum

450 2067 485 2095 30
497 2051 615 2085 autem
635 2050 801 2092 quosdam
824 2049 930 2083 etiam
950 2050 1208 2083 commentariis
1225 2050 1470 2084 insulsissimis
1483 2061 1557 2084 esse
1578 2050 1833 2085 contaminatos

498 2104 615 2140 verius
634 2114 738 2147 quam
761 2103 945 2146 expositos,
968 2103 1170 2137 studuimus
1191 2106 1227 2138 et
1249 2104 1287 2138 in
1304 2104 1369 2138 hac
1388 2106 1484 2148 parte
1504 2104 1682 2140 consulere
1703 2104 1833 2139 studiis

497 2157 704 2200 iuuentutis,
723 2168 789 2191 nec
810 2157 909 2191 iuxta
931 2157 1139 2191 Graecorum
1162 2159 1386 2201 prouerbium
1410 2159 1449 2192 in
1472 2158 1565 2192 dolio
1586 2159 1644 2201 τὴν
1666 2160 1834 2202 κιραμικήν

498 2223 622 2248 sumus
636 2212 797 2256 aggressi,
817 2211 879 2245 sed
894 2211 931 2244 in
947 2211 1067 2246 libello
1081 2212 1205 2255 puerili
1220 2214 1276 2247 cui
1292 2213 1418 2248 titulus
1433 2215 1486 2248 est
1501 2213 1597 2250 Cato.
1629 2212 1834 2248 Adiecimus

498 2268 627 2302 Mimos
641 2267 832 2301 Publianos
847 2277 930 2299 sane
945 2277 1050 2309 quam
1062 2266 1216 2308 festiuos‚
1234 2267 1294 2311 qui
1309 2268 1402 2301 inter
1417 2267 1563 2303 Senecae
1576 2267 1834 2302 lucubrationes

449 2336 483 2364 35
498 2323 589 2357 falso
617 2322 723 2358 titulo
754 2321 917 2362 latebant,
946 2321 1006 2354 sed
1033 2320 1323 2364 deprauatissimi‚
1352 2324 1429 2356 tum
1456 2322 1616 2356 admixtu
1642 2322 1834 2357 multarum

498 2376 760 2417 sententiarum,
793 2375 855 2419 qui
892 2375 995 2408 Mimi
1031 2387 1104 2410 non
1134 2378 1245 2418 erant,
1277 2376 1514 2412 contaminati.
1569 2376 1639 2411 His
1669 2377 1835 2412 omnibus

498 2431 630 2466 scholia
644 2430 844 2466 adiecimus.
893 2430 1132 2464 Adiunximus
1145 2432 1182 2464 et
1201 2430 1270 2465 alia
1288 2431 1457 2474 quaedam
1479 2442 1502 2471 a
1522 2431 1625 2467 nobis
1645 2431 1831 2475 recognita,

498 2485 687 2520 minutiora
721 2495 827 2528 quam
858 2486 900 2519 vt
929 2484 976 2518 sit
1010 2485 1287 2528 operaeprecium
1318 2484 1453 2527 referre,
1489 2485 1581 2529 quod
1616 2485 1758 2528 quidem
1789 2486 1834 2520 ad

499 2551 639 2584 operam
669 2551 691 2577 a
720 2539 822 2577 nobis
851 2539 1067 2582 insumptam
1097 2539 1232 2575 attinet.
1285 2539 1331 2573 In
1361 2539 1452 2574 hanc
1481 2539 1627 2574 classem
1657 2540 1835 2575 referenda

451 2608 486 2635 ⁴0
500 2595 638 2628 videtur
653 2594 734 2628 Nux
749 2593 876 2635 Ouidii,
895 2604 1000 2637 quam
1020 2593 1243 2627 emendatam
1262 2594 1547 2628 commentariolo
1567 2593 1836 2637 explanauimufi

500 2648 540 2682 in
559 2649 707 2693 gratiam
727 2649 879 2692 optimae
899 2648 975 2692 spei
992 2647 1220 2681 adolescentis
1240 2648 1384 2682 Ioannis
1400 2648 1511 2691 Mori3
1537 2649 1594 2682 cui
1610 2649 1837 2685 adiunximus

541 2739 583 2765 16.
603 2739 666 2767 sint
679 2740 699 2769 β
710 2748 717 2766 t
736 2741 808 2766 sunt
820 2749 849 2774 γ.
944 2747 989 2774 3ο.
1009 2742 1048 2771 a:
1067 2739 1191 2773 quidam
1209 2758 1218 2767 .
1240 2759 1248 2768 .
1266 2758 1276 2766 .
1297 2741 1398 2768 essent
1415 2739 1614 2768 contaminati
1632 2760 1641 2769 .
1665 2759 1673 2767 .
1692 2760 1700 2769 .
1721 2749 1767 2775 31.
1785 2748 1835 2769 ex—

502 2775 595 2811 positi
613 2785 639 2804 a.
696 2783 741 2810 31·
761 2775 796 2804 in
809 2778 874 2804 add.
887 2777 910 2805 δ.
966 2783 1012 2811 33.
1031 2778 1077 2805 eat
1095 2784 1147 2804 om.
1166 2777 1195 2806 β.
1250 2783 1295 2811 39.
1313 2776 1353 2805 In
1365 2795 1374 2805 .
1388 2795 1397 2805 .
1412 2796 1420 2805 .
1434 2778 1479 2806 18.
1491 2785 1518 2811 4.
1531 2777 1621 2805 Anno
1636 2784 1705 2811 1524
1717 2779 1781 2806 aaa.
1795 2779 1825 2809 Β.
