2248 3363
487 391 508 424 8
878 390 1088 425 LETTERS
1118 390 1178 424 or
1206 387 1427 424 maenus
1707 385 1814 434 [¹523

487 478 617 513 Graeca
642 477 814 522 legerem:
849 477 1056 519 Saturnalia,
1086 476 1362 518 0ronosolonem,
1397 476 1572 520 Epistolss
1601 475 1815 516 Satur-mles,

487 534 540 568 De
561 533 668 575 luctu,
694 532 990 567 Declamationem
1012 531 1056 566 de
1077 531 1245 573 abdicato,
1266 531 1579 573 haromenippum,
1597 530 1815 571 Tauridem,

488 587 790 629 Pseudomntem,
809 586 961 628 Gallum,
979 586 1171 627 Timonem,
1189 585 1482 620 Declamatiouem
1501 596 1566 628 pro
1584 583 1819 628 tyrannicida,

489 643 541 677 De
560 642 619 675 his
639 642 699 685 qui
720 641 877 675 mercede
899 641 1025 674 viuunt
1046 640 1084 674 in
1107 639 1198 674 aulis
1220 640 1441 684 principum3
1470 640 1513 674 ad
1536 641 1621 674 haec
1641 651 1684 673 ex
1706 638 1820 672 minu-

459 713 475 740 5
488 696 636 730 tioribus
656 696 804 739 dialogis
824 695 976 729 delectos
997 694 1196 736 octodecim,
1222 696 1397 738 praeterea
1422 694 1611 728 Herculem
1633 692 1818 734 Gallicum,

489 751 707 791 Eunuchum,
735 750 787 784 De
817 749 1000 791 sacrificiis,
1029 749 1249 791 Conuiuium,
1283 749 1336 783 De
1363 748 1557 792 astrologia.
1607 747 1820 782 Huiusmodi

488 816 551 839 ceu
574 805 741 839 strenulis
763 804 909 838 diuersis
931 803 1145 846 temporibus
1166 803 1404 838 salutabamus
1426 804 1564 844 amicos,
1585 802 1644 846 qui
1667 813 1745 835 mos
1767 803 1822 836 est

488 859 580 903 apud
618 859 762 902 Anglos.
809 858 1032 892 Verteramus
1061 859 1098 892 et
1128 858 1337 901 Longaeuos‚
1370 857 1541 892 dictantes
1576 858 1725 898 tantum,
1759 856 1820 889 sed

490 914 644 948 notarius
680 913 872 948 suffuratus
909 913 1067 946 libellum
1104 912 1272 946 Montioio
1300 912 1452 947 dicatum
1489 923 1554 955 pro
1590 922 1654 946 suo
1691 909 1822 944 aedidit

445 983 479 1005 ιο
492 969 658 1003 Lutetiae.
722 967 958 1011 Rapiebautur
995 968 1060 1001 hae
1097 978 1212 1010 nugae
1241 966 1397 1010 primum
1426 978 1555 1010 magno
1583 966 1822 1004 studiosorum

492 1023 682 1067 applausu3
708 1022 767 1056 sed
791 1022 852 1056 vbi
874 1022 1022 1056 Graecae
1046 1021 1188 1065 linguae
1209 1021 1334 1064 peritia
1357 1021 1470 1064 eoepit
1496 1032 1570 1055 esse
1596 1021 1703 1064 vulgo
1728 1030 1822 1053 com·

491 1076 620 1119 munis,
638 1077 673 1110 id
688 1076 780 1120 quod
801 1076 891 1110 miro
909 1087 1069 1110 successu
1089 1076 1220 1110 factum
1237 1076 1291 1110 eat
1311 1076 1402 1119 apud
1422 1086 1495 1116 nos,
1513 1085 1653 1118 coepere
1671 1073 1823 1117 negligi3

493 1131 584 1175 quod
599 1141 661 1173 ego
676 1141 759 1165 sane
773 1132 814 1164 vt
828 1130 986 1164 futurum
1000 1130 1159 1172 sciebam,
1178 1130 1228 1164 ita
1248 1130 1380 1164 factum
1399 1130 1541 1173 gaudeo.
1588 1129 1680 1164 Ausi
1701 1138 1824 1162 sumus

493 1185 588 1219 idem
609 1185 648 1226 in
672 1184 856 1226 Plutarchi
877 1184 1075 1226 Moralibus,
1101 1185 1200 1218 cuius
1221 1186 1258 1218 et
1283 1184 1422 1228 phrasis
1447 1184 1626 1228 aliquanto
1653 1182 1826 1217 diffieilior

448 1253 481 1285 15
495 1241 549 1273 est
574 1240 611 1272 et
636 1249 691 1272 res
719 1239 849 1272 habent
873 1238 954 1281 plus
984 1238 1202 1277 obscuritatis
1226 1239 1271 1275 ob
1297 1239 1510 1276 reconditam
1538 1238 1692 1276 hominis
1716 1236 1827 1271 erudi·

495 1293 638 1327 tionem.
698 1293 752 1327 Ex
788 1293 854 1326 hoc
891 1293 1060 1327 vertimus
1097 1293 1267 1336 libellum,
1301 1294 1358 1327 cui
1394 1293 1529 1334 titulus,
1562 1292 1742 1335 Quomodo
1779 1291 1827 1325 sit

496 1347 751 1391 dignoscendus
776 1346 934 1381 adulator
956 1347 1000 1381 ab
1025 1347 1157 1389 amico;
1190 1358 1272 1382 eum
1298 1347 1492 1382 dicauimus
1514 1346 1667 1381 Henrico
1689 1346 1828 1380 Britan·

496 1402 575 1437 niae
596 1402 677 1445 regi,
696 1402 772 1438 eius
791 1401 945 1438 nominis
961 1403 1092 1437 octauo.
1134 1401 1317 1438 Praeterea
1333 1402 1389 1438 cui
1406 1402 1532 1437 titulus
1548 1403 1611 1443 est,
1632 1401 1708 1443 Quo
1727 1403 1827 1444 pacto

497 1457 574 1491 fieri
595 1456 705 1500 possit
722 1457 763 1490 vt
785 1456 976 1493 vtilitntem
997 1456 1110 1500 capias
1131 1467 1176 1491 ex
1197 1456 1342 1493 inimico
1353 1468 1363 1498 ς
1385 1457 1480 1493 hunc
1497 1456 1690 1493 dicauimus
1707 1456 1749 1494 ei,
1768 1455 1828 1499 qui

451 1524 486 1548 20
498 1522 593 1547 nunc
623 1513 676 1547 est
706 1511 805 1546 Card.
840 1511 877 1545 et
906 1511 1194 1554 Archiepiscopus
1222 1511 1458 1553 Eboracensia
1492 1513 1570 1547 tum
1600 1510 1829 1553 eleemosynis

499 1565 602 1609 regiis
617 1566 691 1601 erat
705 1564 904 1608 praefectus,
921 1564 981 1599 sed
1003 1567 1122 1599 tamen
1143 1566 1214 1602 iam
1232 1568 1311 1600 tum
1326 1565 1428 1600 rebus
1443 1565 1607 1603 maximis
1621 1565 1827 1605 destinatus,

499 1619 585 1655 adeo
600 1620 639 1655 vt
659 1619 757 1662 prius
771 1629 877 1662 quam
897 1618 1038 1654 daretur
1055 1620 1271 1663 oportunitas
1288 1620 1464 1660 offerendi,
1483 1622 1538 1654 ter
1554 1619 1645 1655 mihi
1663 1618 1831 1654 mutanda

500 1673 607 1708 fuerit
627 1672 817 1716 praefatio;
848 1672 932 1716 quin
952 1674 988 1706 et
1007 1674 1103 1716 prius
1125 1685 1229 1717 quam
1251 1674 1376 1710 excudi
1395 1676 1537 1717 poterat,
1555 1674 1626 1710 iam
1643 1676 1832 1708 accesserat

501 1728 534 1763 ei
556 1727 792 1765 cardinalitiae
813 1727 993 1770 dignitatis
1014 1728 1202 1776 fastigium.
1260 1730 1354 1763 Ante
1378 1729 1445 1762 hos
1465 1730 1637 1762 verteram
1660 1728 1714 1765 De
1735 1730 1834 1762 tuen·

454 1795 488 1830 ²5
503 1782 547 1816 da
568 1782 786 1820 valetudine·
813 1782 912 1824 Quod
942 1782 981 1816 in
1010 1782 1168 1826 principe
1196 1783 1393 1826 requiratur
1421 1783 1591 1819 eruditio:
1620 1782 1720 1824 Quod
1751 1793 1833 1816 cum

501 1835 718 1880 principibus
746 1836 899 1870 maxime
921 1837 1052 1870 versari
1077 1836 1202 1870 debeat
1227 1837 1474 1881 philosophum
1505 1837 1632 1870 Vtrum
1658 1837 1834 1880 grauiores

503 1891 575 1925 sint
597 1891 709 1933 animi
730 1891 846 1932 morbi
869 1902 915 1925 an
938 1890 1111 1938 corporis·
1134 1891 1229 1926 Num
1252 1894 1344 1926 recte
1364 1891 1498 1929 dictum
1519 1891 1576 1933 sit,
1592 1891 1672 1925 λάθε
1691 1892 1834 1934 βιώσαςε

504 1945 558 1980 De
587 1945 775 1989 cupiditate
805 1945 1020 1980 diuitiarum.
1070 1945 1116 1987 In
1146 1945 1203 1980 his
1231 1957 1274 1980 eo
1311 1945 1479 1980 libentius
1517 1945 1706 1987 exercebar,
1739 1946 1834 1989 quod

505 2000 639 2043 praeter
660 2000 799 2042 linguae
820 1999 983 2043 peritiam
999 2000 1225 2039 vehementer
1242 2000 1472 2037 conducerent
1490 2003 1527 2035 et
1541 2001 1584 2038 ad
1605 2011 1722 2035 mores
1735 2000 1837 2034 insti·

457 2064 493 2092 30
506 2052 664 2088 tuendos.
723 2053 822 2087 Nihil
850 2054 945 2087 enim
975 2054 1044 2097 legi
1074 2055 1266 2096 secundum
1296 2055 1415 2089 literas
1445 2055 1583 2096 diuinas
1616 2055 1683 2096 1100
1715 2055 1836 2088 autore

505 2107 669 2141 sanctius.
717 2107 797 2147 Hoc
811 2119 922 2147 vnum
938 2109 1011 2148 erat
1024 2108 1246 2149 incommodi,
1264 2110 1356 2153 quod
1370 2110 1486 2144 Aldus
1506 2109 1573 2142 hoc
1595 2121 1681 2152 opus
1696 2109 1838 2143 excudit

507 2163 675 2205 sequutus
689 2162 865 2206 exemplar
880 2162 1002 2196 multis
1016 2163 1102 2197 locis
1117 2163 1353 2207 deprauatum,
1365 2175 1427 2197 1100
1441 2163 1532 2206 apud
1548 2174 1612 2197 nos
1619 2165 1838 2197 vetustorum

507 2216 759 2260 exemplarium
784 2218 858 2259 erat
883 2217 987 2260 copia,
1035 2218 1216 2260 Ver-timue
1237 2229 1346 2252 vnam
1372 2218 1510 2260 Libanii
1536 2217 1835 2260 declamationem,

507 2271 649 2304 nomine
663 2271 812 2306 Menelai
827 2271 1013 2314 repetentis
1024 2283 1166 2306 vxorem
1179 2272 1269 2316 apud
1285 2272 1460 2314 Troianos,
1470 2273 1573 2315 atque
1587 2272 1669 2306 hinc
1683 2272 1840 2315 primum

459 2335 494 2364 35
509 2325 652 2367 iecimue
681 2326 913 2368 transferendi
945 2327 1066 2367 aleam.
1117 2326 1297 2366 Vertimus
1327 2328 1363 2362 et
1391 2326 1478 2363 alias
1510 2318 1643 2370 aliquot
1672 2326 1839 2362 declama·

505 2381 682 2415 tiunculas
696 2381 828 2415 incerto
842 2383 970 2416 autore.

554 2434 734 2472 Nonnulla
755 2434 959 2479 scripsimus
985 2446 1071 2479 quae
1096 2434 1250 2478 facerent
1273 2434 1318 2471 ad
1345 2435 1604 2477 institutionem
1630 2434 1838 2478 studiorum,

578 2516 620 2543 13.
640 2507 805 2538 vteaaa.
891 2508 1218 2544 nr.iamtumadd.ss.
1308 2516 1354 2547 3²·
1375 2516 1452 2543 neo.
1466 2508 1776 2544 wsgcopiaaddss

548 2614 575 2640 7.
594 2607 671 2640 mos]
698 2608 772 2635 This
790 2610 907 2635 custom
927 2617 990 2636 was
1008 2610 1062 2636 not
1080 2616 1150 2635 con·
1241 2609 1268 2636 8.
1295 2609 1359 2637 Lon
1360 2609 1480 2646 gaenon]
1512 2609 1529 2638 1
1553 2612 1663 2638 cannot
1689 2610 1754 2638 find
1779 2619 1842 2646 any

510 2642 594 2670 fined
607 2644 638 2669 to
651 2643 697 2670 En
698 2644 799 2679 ,3,1111111
815 2644 869 2672 but
881 2653 943 2672 was
959 2653 1098 2672 common
1116 2645 1150 2672 111
1204 2645 1286 2672 trane
1298 2646 1331 2673 of
1340 2646 1404 2674 this
1416 2647 1542 2675 edition.
1581 2646 1733 2674 Erasmus
1745 2649 1842 2675 trans-

512 2679 608 2706 Franc
592 2687 634 2706 c.e
685 2680 729 2708 Cf
761 2682 845 2708 Caroli
874 2683 1010 2708 Fer-nandi
1039 2683 1152 2714 spectate
1205 2681 1301 2709 lstion
1313 2690 1376 2712 was
1387 2683 1531 2718 probably
1543 2683 1631 2710 made
1648 2683 1682 2711 in
1702 2683 1747 2710 En
1749 2683 1842 2718 gland

511 2717 611 2743 Fomili
603 2724 671 2743 nares
688 2715 794 2750 (Paris,
816 2725 886 2752 1494
894 2718 931 2753 ἵ),
952 2718 1005 2745 No.
1026 2726 1071 2752 ²5·
1089 2717 1151 2744 and
1204 2718 1237 2745 in
1253 2725 1266 2746 1
1270 2720 1370 2755 sos-6,
1383 2720 1459 2746 with
1478 2719 1527 2746 his
1543 2719 1633 2746 other
1645 2720 1843 2748 translations

513 2751 546 2779 P.
580 2752 703 2779 Buri-112⁷
736 2755 850 2780 floralia
880 2756 969 2781 Gor-mi
959 2762 1007 2781 ma
1042 2754 1149 2789 (Paris,
1204 2753 1238 2781 of
1247 2754 1318 2782 Luci
1310 2763 1369 2790 1‚an
1379 2755 1462 2783 since
1471 2755 1616 2783 Libanius
1628 2756 1662 2792 (1.
1669 2764 1706 2791 33
1716 2756 1777 2784 and
1788 2756 1842 2792 Ep.

513 2788 638 2823 Badius,
651 2797 688 2816 20
701 2789 804 2817 March
819 2790 913 2826 1503),
928 2790 958 2819 fl.
974 2798 1018 2826 72,
1031 2790 1077 2826 83,
1091 2790 1138 2825 84.
1207 2791 1272 2826 177)
1285 2799 1347 2820 was
1357 2792 1408 2820 his
1419 2791 1485 2820 first
1496 2793 1637 2827 attempt.
