2248 3363
567 396 631 428 552
954 393 1165 428 LETTERS
1194 393 1255 429 ΟΕ
1284 393 1508 429 Emmaus
1832 394 1923 443 [1514

565 481 699 516 insulae
725 481 842 516 subito
868 481 983 515 vertit.
1031 481 1162 515 Rerum
1185 481 1347 515 omnium
1369 481 1521 516 charitas
1548 481 1614 517 hie
1643 483 1779 518 indies
1804 483 1923 522 emnil,

564 536 731 569 decrescit
746 535 946 569 liberalitas.
996 534 1087 577 Quid
1104 535 1142 569 ni
1157 535 1296 579 parcius
1311 536 1396 570 dent
1410 536 1578 571 homines
1597 537 1726 572 toties
1741 538 1924 573 decimati?

519 599 551 628 ιε
567 590 614 624 Et
640 600 751 632 nuper
776 589 821 623 ob
845 588 1000 632 inopiam
1026 589 1102 623 vini
1128 600 1172 623 ex
1194 589 1298 624 malis
1320 591 1443 634 vappis
1465 590 1617 625 collecto
1644 592 1799 628 calculo
1821 604 1923 637 prope·

566 645 711 678 modum
728 643 903 678 extinctus
921 643 985 677 fui.
1034 643 1092 677 Ad
1113 643 1197 677 haec
1221 655 1303 678 cum
1325 644 1443 679 omnis
1462 644 1584 679 insula
1603 657 1682 690 per
1703 658 1746 682 se
1769 647 1923 692 relegatio

565 698 734 742 quaedam
749 699 811 739 est,
829 699 906 732 tum
923 708 1016 732 nunc
1029 697 1133 732 bellis
1152 698 1261 732 etiam
1281 699 1411 733 arctius
1431 699 1673 743 includimur,
1693 701 1792 736 adeo
1813 703 1854 736 vt
1871 712 1922 735 noe

564 752 722 796 epistolis
736 752 783 786 sit
797 752 920 786 exitus.
985 752 1032 785 Et
1051 752 1153 786 video
1171 764 1319 797 magnos
1339 764 1458 788 rerum
1479 756 1602 789 motus
1625 756 1738 798 oriri,
1759 757 1825 801 qui
1839 767 1922 800 qucr-

565 818 645 841 sum
656 807 794 840 euasuri
807 807 881 840 sint
895 807 1093 848 incertum;
1117 807 1253 841 vtinam
1263 807 1358 842 Deus
1365 808 1538 852 propicius
1547 808 1651 844 hanc
1669 810 1780 846 orbis
1790 810 1920 846 christi·

519 878 554 898 20
565 862 624 896 ani
640 862 884 905 tempestatem
900 860 1064 904 dignetur
1079 872 1292 905 componere.

612 916 721 959 Saepe
736 915 901 949 demirari
915 915 1010 950 soleo
1031 927 1118 959 quae
1139 927 1203 959 res,
1220 927 1292 950 non
1313 917 1391 951 dico
1411 918 1653 960 Christianos,
1674 920 1748 954 sed
1769 920 1919 955 homines

565 971 634 1005 huc
647 971 765 1014 adigat
774 970 935 1004 vesaniae
943 973 982 1004 vt
991 971 1102 1004 tantis
1112 970 1248 1012 studiis,
1260 971 1370 1006 tantis
1382 971 1596 1015 sumptibus,
1610 974 1741 1008 tantis
1753 974 1917 1019 periculifl.

565 1025 605 1060 in
625 1028 787 1059 mutuam
809 1025 1000 1069 perniciem
1022 1026 1136 1059 ruant.
1184 1025 1276 1067 Quid
1296 1026 1392 1060 enim
1414 1025 1510 1060 aliud
1530 1026 1571 1060 in
1591 1028 1708 1063 omni
1732 1029 1816 1065 vita
1832 1039 1918 1074 quam

565 1079 811 1124 belligeramur
819 1081 838 1113 ⁴?
871 1079 952 1114 Non
967 1079 1219 1123 belligerantur
1232 1081 1407 1124 quaelibet
1420 1080 1531 1124 bruta,
1542 1081 1608 1115 sed
1623 1082 1733 1117 ferae
1747 1084 1916 1118 duntmt

519 1150 553 1177 ²5
567 1134 621 1168 Ne
635 1134 701 1168 hae
721 1133 865 1177 quidem
880 1134 973 1168 inter
995 1144 1033 1168 se
1048 1133 1227 1175 dimicant,
1244 1134 1303 1168 sed
1321 1145 1401 1169 oum
1417 1135 1548 1170 diuersi
1561 1137 1722 1179 generis
1737 1137 1876 1173 beluis:
1892 1139 1917 1171 et

565 1189 640 1222 suis
655 1187 762 1221 armis
776 1190 944 1231 pugnant,
962 1199 1043 1230 non,
1061 1187 1114 1222 vti
1130 1199 1203 1230 nos,
1220 1190 1292 1223 arte
1309 1189 1481 1223 diabolica
1491 1190 1719 1234 excogitat-is
1735 1192 1917 1227 machinis:

567 1253 631 1276 nec
653 1253 795 1277 rursum
818 1242 1032 1287 quibuslibet
1057 1242 1100 1276 de
1124 1243 1247 1285 causis,
1269 1244 1329 1278 sed
1353 1246 1414 1278 aut
1437 1256 1501 1288 pro
1523 1245 1625 1279 foetu
1648 1249 1725 1282 aut
1749 1260 1822 1292 pm
1836 1247 1918 1287 cibo;

566 1299 686 1331 nostra
699 1297 792 1331 bella
815 1297 977 1341 pleraque
993 1297 1050 1331 vel
1064 1298 1107 1331 ab
1123 1297 1313 1332 ambitione
1328 1297 1387 1332 vel
1402 1299 1445 1332 ab
1461 1299 1650 1334 iracundia
1668 1301 1738 1336 vel
1749 1312 1774 1337 a
1784 1302 1917 1337 libidine

566 1352 721 1387 similiue
735 1352 846 1386 animi
864 1352 986 1386 morbo
1007 1352 1291 1396 proficiscuntur:
1316 1352 1467 1397 denique
1490 1364 1563 1388 non
1586 1355 1644 1397 tot
1673 1356 1838 1392 milibus
1857 1366 1916 1391 οω-

519 1423 554 1451 30
565 1406 724 1451 globatis,
753 1407 855 1441 sicuti
882 1417 956 1448 nos,
985 1407 1024 1440 in
1050 1408 1216 1441 mutuum
1243 1406 1469 1442 instruuntur
1494 1407 1662 1444 exitium.
1729 1411 1849 1447 Nobis
1871 1410 1916 1455 qui

566 1461 698 1496 Christi
713 1462 906 1505 gloriamur
921 1461 1135 1504 cognomine,
1152 1461 1215 1504 qui
1230 1461 1321 1495 nihil
1337 1462 1407 1496 nisi
1422 1463 1752 1500 mansuetudinem
1764 1468 1805 1501 et
1818 1465 1916 1501 domii

565 1517 601 1550 et
625 1516 808 1557 exhibuit3
840 1516 902 1559 qui
925 1516 1030 1549 vnius
1056 1516 1209 1559 corporis
1233 1516 1392 1550 membra
1413 1527 1546 1559 sumus,
1571 1527 1648 1552 vna
1679 1531 1784 1564 caro,
1810 1520 1915 1555 eodm

567 1571 770 1612 vegetamur
799 1570 935 1613 spiritu,
964 1569 1091 1604 iisdem
1115 1570 1340 1605 sacramentis
1370 1570 1507 1613 alimur,
1537 1571 1656 1606 eidem
1691 1574 1915 1610 adhaeremus

567 1623 682 1667 capiti,
709 1623 752 1658 ad
784 1624 930 1658 eandem
962 1624 1263 1659 immortalitatem
1294 1626 1409 1659 vocati
1438 1637 1571 1669 sumus,
1601 1637 1805 1665 summam
1835 1630 1914 1665 illam

519 1693 553 1721 35
566 1689 746 1721 speramus
761 1679 1057 1720 communionem,
1071 1681 1112 1713 vt
1125 1679 1216 1713 sicut
1231 1679 1393 1714 Christus
1407 1680 1443 1714 et
1457 1681 1556 1724 pater
1570 1691 1695 1716 vnum
1713 1687 1820 1726 sunt,
1836 1685 1882 1720 ita
1891 1685 1916 1718 ct

567 1743 632 1767 nos
646 1744 758 1768 vnum
774 1744 855 1767 cum
871 1733 932 1767 illo
947 1733 1078 1774 simus3
1101 1735 1262 1777 potestne
1285 1733 1360 1768 vlla
1381 1733 1487 1768 huius
1503 1734 1634 1768 mundi
1655 1747 1723 1773 res
1747 1750 1830 1775 egge
1843 1738 1916 1775 mii

565 1788 605 1821 vt
620 1788 665 1822 ad
680 1788 815 1822 bellum
830 1789 992 1831 prouocet
1001 1789 1020 1822 *Ρ
1041 1799 1117 1821 rem
1131 1787 1216 1822 adeo
1230 1788 1472 1831 perniciosam,
1488 1788 1574 1822 adeo
1597 1790 1747 1863 tetram
1769 1798 1815 1830 vt
1829 1796 1917 1830 etim

567 1853 647 1876 cum
663 1843 894 1877 iustissimum
910 1844 971 1884 est,
990 1844 1107 1876 tamen
1125 1842 1216 1875 nulli
1231 1853 1310 1876 vere
1325 1843 1417 1877 bono
1432 1844 1577 1886 placeat.

613 1897 747 1939 Quaeso
763 1900 807 1938 te,
825 1898 937 1940 cogita
953 1909 1013 1940 per
1029 1908 1115 1940 quos
1129 1896 1281 1940 geritur;
1303 1908 1366 1941 per
1380 1897 1581 1938 homicidas,
1592 1909 1663 1942 per
1679 1900 1858 1947 incestos,
1873 1914 1918 1949 pet

517 1966 554 1994 40
566 1953 744 1994 aleatores,
774 1963 836 1995 per
861 1953 1083 1995 stupratores,
1112 1963 1173 1995 per
1204 1951 1463 1986 sordidissimos
1494 1953 1757 1993 conducticios
1792 1960 1917 1998 militas,

567 2006 693 2050 quibus
708 2006 875 2040 lucellum
891 2006 1031 2040 charius
1044 2008 1098 2039 est
1113 2006 1195 2040 vita.
1244 2006 1295 2040 Hi
1311 2006 1348 2040 in
1364 2006 1456 2040 bello
1471 2009 1554 2041 sunt
1570 2009 1722 2053 optimi,
1739 2024 1831 2050 cum
1845 2012 1918 2059 quod

566 2062 647 2094 ante
661 2071 726 2094 suo
740 2060 913 2094 faciebant
929 2060 1091 2103 periculo,
1110 2060 1167 2095 hic
1184 2060 1341 2094 mercede
1356 2060 1487 2095 faciant
1501 2064 1536 2094 et
1553 2072 1642 2097 cum
1655 2064 1789 2102 laude.
1841 2069 1919 2104 Haec

567 2114 752 2148 hominum
777 2115 945 2149 colluuies
969 2115 1006 2148 in
1030 2126 1138 2159 agros,
1162 2116 1200 2148 in
1225 2115 1327 2149 vrbes
1350 2115 1559 2160 recipienda,
1576 2118 1618 2150 vt
1646 2117 1803 2158 bellum
1828 2132 1918 2168 gens

568 2169 727 2212 Denique
748 2169 806 2203 his
829 2170 1062 2211 seruiendum,
1087 2170 1171 2203 dum
1195 2169 1303 2203 alium
1326 2169 1446 2203 vlcisci
1465 2170 1646 2207 volumus.
1705 2177 1823 2213 Adde
1846 2187 1920 2213 nunc

518 2237 554 2264 4⁵
568 2226 654 2268 quot
679 2225 830 2258 facinora
850 2224 935 2257 belli
956 2226 1136 2267 praetextu
1158 2224 1433 2265 committantur,
1453 2225 1536 2258 dum
1562 2225 1667 2260 inter
1693 2240 1809 2267 arma
1832 2232 1921 2267 silent

567 2282 661 2324 leges
685 2280 820 2321 bonae;
852 2281 936 2323 quot
964 2279 1114 2323 rapinae,
1137 2281 1222 2323 quot
1249 2279 1437 2322 sacrilegia,
1465 2281 1551 2323 quot
1575 2284 1723 2328 raptus,
1754 2291 1850 2331 quot
1872 2286 1924 2322 glis

568 2336 741 2376 dedecora,
759 2345 846 2378 quae
861 2333 968 2377 pudet
985 2334 1091 2367 etiam
1108 2334 1298 2368 nominare.
1333 2334 1430 2368 Haec
1446 2335 1553 2377 pestis
1567 2345 1725 2373 morum
1744 2341 1789 2376 in
1807 2342 1925 2377 multos

567 2401 677 2425 annos
693 2388 796 2423 duret
819 2400 958 2422 necesse
977 2391 1040 2430 est,
1060 2388 1164 2422 etiam
1187 2389 1338 2422 extincto
1359 2388 1461 2423 bello.
1510 2388 1692 2432 Expende
1718 2396 1823 2431 mihi
1847 2406 1925 2432 nunt

568 2448 740 2488 sumptus,
756 2446 797 2478 vt
812 2444 919 2477 etiam
935 2443 966 2476 si
982 2443 1111 2484 vineas,
1130 2443 1241 2477 multo
1257 2444 1376 2477 tamen
1391 2443 1473 2485 plus
1487 2443 1534 2477 sit
1549 2442 1685 2481 damni
1703 2460 1824 2493 (ιω
1839 2450 1927 2487 lueri,

520 2511 555 2538 50
569 2501 775 2543 Quanquam
791 2510 860 2542 quo
878 2498 1018 2532 tandem
1035 2509 1141 2540 regno
1157 2497 1269 2541 possis
1285 2499 1339 2532 tot
1358 2497 1498 2531 milium
1519 2497 1636 2532 vitam
1654 2511 1704 2536 ae
1721 2506 1928 2549 sanguinem

568 2554 778 2589 aestimare?
823 2553 934 2595 Atqui
955 2553 1108 2585 maxima
1124 2552 1298 2586 malorum
1313 2563 1393 2595 pars
1408 2552 1452 2585 ad
1469 2562 1529 2586 eos
1543 2552 1640 2588 redit
1657 2557 1709 2592 ad
1735 2570 1835 2603 quos
1849 2558 1928 2595 nihil

567 2610 718 2653 pertinet
746 2607 888 2649 bellum,
915 2607 1010 2650 pacis
1036 2607 1220 2640 commoda
1251 2607 1294 2640 ad
1326 2618 1448 2640 omnes
1477 2608 1708 2650 perueniunt
1721 2625 1733 2648 t
1772 2615 1815 2650 in
1848 2614 1929 2650 beno

1095 2694 1140 2728 36.
1160 2701 1255 2721 vnum
1268 2695 1333 2721 add.
1349 2695 1385 2721 H.

1004 2780 1046 2807 15.
1068 2771 1196 2807 calculo]
1209 2771 1254 2800 Cf.
1267 2771 1340 2807 Epp.
1357 2772 1421 2806 285,
1436 2772 1464 2799 6.
