<?xml version="1.0" encoding="UTF-8"?>
<!DOCTYPE html PUBLIC "-//W3C//DTD XHTML 1.0 Transitional//EN"
    "http://www.w3.org/TR/xhtml1/DTD/xhtml1-transitional.dtd">
<html xmlns="http://www.w3.org/1999/xhtml" xml:lang="en" lang="en">
 <head>
  <title>
</title>
<meta http-equiv="Content-Type" content="text/html;charset=utf-8" />
  <meta name='ocr-system' content='tesseract 3.04.00' />
  <meta name='ocr-capabilities' content='ocr_page ocr_carea ocr_par ocr_line ocrx_word'/>
</head>
<body>
  <div class='ocr_page' id='page_1' title='image "./opusepistolarum00garrgoog_0088.png"; bbox 0 0 2248 3363; ppageno 0'>
   <div class='ocr_carea' id='block_1_1' title="bbox 512 379 1455 417">
    <p class='ocr_par' dir='ltr' id='par_1_1' title="bbox 512 379 1455 417">
     <span class='ocr_line' id='line_1_1' title="bbox 512 379 1455 417; baseline -0.003 0"><span class='ocrx_word' id='word_1_1' title='bbox 512 385 556 417; x_wconf 87' lang='grc'><strong>60</strong></span> <span class='ocrx_word' id='word_1_2' title='bbox 902 381 1113 417; x_wconf 70' lang='lat' dir='ltr'><strong>LETTERS</strong></span> <span class='ocrx_word' id='word_1_3' title='bbox 1143 381 1203 416; x_wconf 80' lang='lat' dir='ltr'><strong>OF</strong></span> <span class='ocrx_word' id='word_1_4' title='bbox 1233 379 1455 415; x_wconf 76' lang='lat' dir='ltr'>ERASMUS</span> 
     </span>
    </p>
   </div>
   <div class='ocr_carea' id='block_1_2' title="bbox 1742 377 1849 425">
    <p class='ocr_par' dir='ltr' id='par_1_2' title="bbox 1742 377 1849 425">
     <span class='ocr_line' id='line_1_2' title="bbox 1742 377 1849 425; baseline 0 -13"><span class='ocrx_word' id='word_1_5' title='bbox 1742 377 1849 425; x_wconf 76' lang='lat'>[¹⁵40</span> 
     </span>
    </p>
   </div>
   <div class='ocr_carea' id='block_1_3' title="bbox 511 466 1849 623">
    <p class='ocr_par' dir='ltr' id='par_1_3' title="bbox 511 466 1849 623">
     <span class='ocr_line' id='line_1_3' title="bbox 511 466 1847 512; baseline -0.003 -8"><span class='ocrx_word' id='word_1_6' title='bbox 511 469 642 504; x_wconf 86' lang='lat' dir='ltr'><strong>infecto</strong></span> <span class='ocrx_word' id='word_1_7' title='bbox 667 471 771 512; x_wconf 76' lang='lat' dir='ltr'><strong>peste,</strong></span> <span class='ocrx_word' id='word_1_8' title='bbox 799 468 983 512; x_wconf 76' lang='lat' dir='ltr'>chirurgus</span> <span class='ocrx_word' id='word_1_9' title='bbox 1007 468 1051 502; x_wconf 78' lang='lat' dir='ltr'><strong>ad</strong></span> <span class='ocrx_word' id='word_1_10' title='bbox 1074 468 1140 502; x_wconf 86' lang='lat' dir='ltr'><strong>hoc</strong></span> <span class='ocrx_word' id='word_1_11' title='bbox 1164 468 1376 502; x_wconf 84' lang='lat' dir='ltr'><strong>constitutus</strong></span> <span class='ocrx_word' id='word_1_12' title='bbox 1401 466 1524 501; x_wconf 74' lang='lat' dir='ltr'><strong>statim</strong></span> <span class='ocrx_word' id='word_1_13' title='bbox 1546 467 1753 501; x_wconf 77' lang='lat' dir='ltr'><strong>accersatur.</strong></span> <span class='ocrx_word' id='word_1_14' title='bbox 1801 466 1847 508; x_wconf 80' lang='lat' dir='ltr'><strong>Is,</strong></span> 
     </span>
     <span class='ocr_line' id='line_1_4' title="bbox 511 521 1848 565; baseline -0.004 -6"><span class='ocrx_word' id='word_1_15' title='bbox 511 526 552 559; x_wconf 80' lang='lat' dir='ltr'><strong>vt</strong></span> <span class='ocrx_word' id='word_1_16' title='bbox 582 523 801 558; x_wconf 74' lang='lat' dir='ltr'><strong>commodius</strong></span> <span class='ocrx_word' id='word_1_17' title='bbox 830 523 874 557; x_wconf 86' lang='lat' dir='ltr'><strong>ab</strong></span> <span class='ocrx_word' id='word_1_18' title='bbox 904 522 1130 557; x_wconf 72' lang='lat' dir='ltr'><strong>obuiantibus</strong></span> <span class='ocrx_word' id='word_1_19' title='bbox 1162 524 1198 556; x_wconf 84' lang='lat' dir='ltr'><strong>et</strong></span> <span class='ocrx_word' id='word_1_20' title='bbox 1227 521 1527 565; x_wconf 82' lang='lat' dir='ltr'><strong>praetereuntibus</strong></span> <span class='ocrx_word' id='word_1_21' title='bbox 1555 521 1708 555; x_wconf 81' lang='lat' dir='ltr'><strong>deuitari</strong></span> <span class='ocrx_word' id='word_1_22' title='bbox 1738 521 1848 564; x_wconf 63' lang='lat' dir='ltr'><strong>pouit</strong></span> 
     </span>
     <span class='ocr_line' id='line_1_5' title="bbox 512 574 1849 623; baseline -0.002 -10"><span class='ocrx_word' id='word_1_23' title='bbox 512 580 654 623; x_wconf 84' lang='lat' dir='ltr'><strong>propter</strong></span> <span class='ocrx_word' id='word_1_24' title='bbox 690 577 891 622; x_wconf 70' lang='lat' dir='ltr'><strong>contagium</strong></span> <span class='ocrx_word' id='word_1_25' title='bbox 921 576 1108 618; x_wconf 80' lang='lat' dir='ltr'><strong>exitisbile‚</strong></span> <span class='ocrx_word' id='word_1_26' title='bbox 1145 576 1233 611; x_wconf 82' lang='lat' dir='ltr'><strong>solet</strong></span> <span class='ocrx_word' id='word_1_27' title='bbox 1270 576 1386 611; x_wconf 86' lang='lat' dir='ltr'><strong>albam</strong></span> <span class='ocrx_word' id='word_1_28' title='bbox 1417 574 1621 619; x_wconf 80' lang='lat' dir='ltr'><strong>mappulam</strong></span> <span class='ocrx_word' id='word_1_29' title='bbox 1656 575 1703 610; x_wconf 78' lang='lat' dir='ltr'><strong>ab</strong></span> <span class='ocrx_word' id='word_1_30' title='bbox 1739 574 1849 610; x_wconf 77' lang='lat' dir='ltr'><strong>altero</strong></span> 
     </span>
    </p>
   </div>
   <div class='ocr_carea' id='block_1_4' title="bbox 447 628 1849 675">
    <p class='ocr_par' dir='ltr' id='par_1_4' title="bbox 447 628 1849 675">
     <span class='ocr_line' id='line_1_6' title="bbox 447 628 1849 675; baseline -0.001 -10"><span class='ocrx_word' id='word_1_31' title='bbox 447 645 501 666; x_wconf 78' lang='lat' dir='ltr'><strong>no</strong></span> <span class='ocrx_word' id='word_1_32' title='bbox 512 634 659 668; x_wconf 82' lang='lat' dir='ltr'><strong>humero</strong></span> <span class='ocrx_word' id='word_1_33' title='bbox 675 632 901 667; x_wconf 86' lang='lat' dir='ltr'><strong>transuersim</strong></span> <span class='ocrx_word' id='word_1_34' title='bbox 915 631 1124 674; x_wconf 85' lang='lat' dir='ltr'><strong>pendentem</strong></span> <span class='ocrx_word' id='word_1_35' title='bbox 1142 632 1278 675; x_wconf 81' lang='lat' dir='ltr'><strong>gestare</strong></span> <span class='ocrx_word' id='word_1_36' title='bbox 1300 633 1336 665; x_wconf 86' lang='lat' dir='ltr'><strong>et</strong></span> <span class='ocrx_word' id='word_1_37' title='bbox 1358 630 1495 674; x_wconf 76' lang='lat' dir='ltr'><strong>virgam</strong></span> <span class='ocrx_word' id='word_1_38' title='bbox 1517 630 1556 664; x_wconf 90' lang='lat' dir='ltr'><strong>in</strong></span> <span class='ocrx_word' id='word_1_39' title='bbox 1578 640 1699 664; x_wconf 87' lang='lat' dir='ltr'><strong>manu.</strong></span> <span class='ocrx_word' id='word_1_40' title='bbox 1747 628 1849 664; x_wconf 77' lang='lat' dir='ltr'><strong>Forte</strong></span> 
     </span>
    </p>
   </div>
   <div class='ocr_carea' id='block_1_5' title="bbox 512 683 1849 786">
    <p class='ocr_par' dir='ltr' id='par_1_5' title="bbox 512 683 1849 786">
     <span class='ocr_line' id='line_1_7' title="bbox 512 683 1847 731; baseline -0.003 -9"><span class='ocrx_word' id='word_1_41' title='bbox 512 688 655 722; x_wconf 78' lang='lat' dir='ltr'><strong>fortuna</strong></span> <span class='ocrx_word' id='word_1_42' title='bbox 684 687 740 722; x_wconf 89' lang='lat' dir='ltr'><strong>die</strong></span> <span class='ocrx_word' id='word_1_43' title='bbox 769 687 927 731; x_wconf 86' lang='lat' dir='ltr'><strong>quodam,</strong></span> <span class='ocrx_word' id='word_1_44' title='bbox 961 686 1076 720; x_wconf 87' lang='lat' dir='ltr'><strong>nescio</strong></span> <span class='ocrx_word' id='word_1_45' title='bbox 1105 686 1191 730; x_wconf 90' lang='lat' dir='ltr'><strong>quid</strong></span> <span class='ocrx_word' id='word_1_46' title='bbox 1220 688 1369 727; x_wconf 84' lang='lat' dir='ltr'><strong>acturus,</strong></span> <span class='ocrx_word' id='word_1_47' title='bbox 1402 686 1571 719; x_wconf 81' lang='lat' dir='ltr'><strong>Erasmus</strong></span> <span class='ocrx_word' id='word_1_48' title='bbox 1604 695 1668 728; x_wconf 87' lang='lat' dir='ltr'><strong>per</strong></span> <span class='ocrx_word' id='word_1_49' title='bbox 1697 683 1847 728; x_wconf 63' lang='lat' dir='ltr'><strong>plateam</strong></span> 
     </span>
     <span class='ocr_line' id='line_1_8' title="bbox 513 737 1849 786; baseline -0.002 -10"><span class='ocrx_word' id='word_1_50' title='bbox 513 742 633 786; x_wconf 87' lang='lat' dir='ltr'>oppidi</span> <span class='ocrx_word' id='word_1_51' title='bbox 665 742 972 785; x_wconf 84' lang='lat' dir='ltr'><strong>infrequentiorem</strong></span> <span class='ocrx_word' id='word_1_52' title='bbox 1007 741 1103 775; x_wconf 86' lang='lat' dir='ltr'><strong>solus</strong></span> <span class='ocrx_word' id='word_1_53' title='bbox 1139 741 1318 775; x_wconf 74' lang='lat' dir='ltr'><strong>incedebat</strong></span> <span class='ocrx_word' id='word_1_54' title='bbox 1348 740 1387 774; x_wconf 87' lang='lat' dir='ltr'><strong>in</strong></span> <span class='ocrx_word' id='word_1_55' title='bbox 1420 739 1517 774; x_wconf 87' lang='lat' dir='ltr'><strong>cultu</strong></span> <span class='ocrx_word' id='word_1_56' title='bbox 1546 750 1611 773; x_wconf 86' lang='lat' dir='ltr'><strong>suo</strong></span> <span class='ocrx_word' id='word_1_57' title='bbox 1646 737 1849 779; x_wconf 69' lang='lat' dir='ltr'><strong>monio-li,</strong></span> 
     </span>
    </p>
   </div>
   <div class='ocr_carea' id='block_1_6' title="bbox 513 797 1083 841">
    <p class='ocr_par' dir='ltr' id='par_1_6' title="bbox 513 797 1083 841">
     <span class='ocr_line' id='line_1_9' title="bbox 513 797 1083 841; baseline -0.004 -10"><span class='ocrx_word' id='word_1_58' title='bbox 513 797 809 841; x_wconf 74' lang='lat' dir='ltr'><strong>quemadmodum</strong></span> <span class='ocrx_word' id='word_1_59' title='bbox 847 797 1083 830; x_wconf 75' lang='lat' dir='ltr'><strong>consueuerat.</strong></span> 
     </span>
    </p>
   </div>
   <div class='ocr_carea' id='block_1_7' title="bbox 1154 793 1849 838">
    <p class='ocr_par' dir='ltr' id='par_1_7' title="bbox 1154 793 1849 838">
     <span class='ocr_line' id='line_1_10' title="bbox 1154 793 1849 838; baseline -0.001 -9"><span class='ocrx_word' id='word_1_60' title='bbox 1154 795 1212 829; x_wconf 89' lang='lat' dir='ltr'><strong>Ibi</strong></span> <span class='ocrx_word' id='word_1_61' title='bbox 1253 795 1322 830; x_wconf 91' lang='lat' dir='ltr'><strong>duo</strong></span> <span class='ocrx_word' id='word_1_62' title='bbox 1357 797 1473 830; x_wconf 85' lang='lat' dir='ltr'><strong>tresue</strong></span> <span class='ocrx_word' id='word_1_63' title='bbox 1510 794 1657 829; x_wconf 84' lang='lat' dir='ltr'><strong>iuuenes</strong></span> <span class='ocrx_word' id='word_1_64' title='bbox 1694 793 1849 838; x_wconf 83' lang='lat' dir='ltr'><strong>imperiti</strong></span> 
     </span>
    </p>
   </div>
   <div class='ocr_carea' id='block_1_8' title="bbox 514 847 1847 893">
    <p class='ocr_par' dir='ltr' id='par_1_8' title="bbox 514 847 1847 893">
     <span class='ocr_line' id='line_1_11' title="bbox 514 847 1847 893; baseline -0.003 -7"><span class='ocrx_word' id='word_1_65' title='bbox 514 852 655 886; x_wconf 88' lang='lat' dir='ltr'><strong>obuiam</strong></span> <span class='ocrx_word' id='word_1_66' title='bbox 669 850 817 885; x_wconf 83' lang='lat' dir='ltr'><strong>veniunt</strong></span> <span class='ocrx_word' id='word_1_67' title='bbox 829 861 838 891; x_wconf 72' lang='grc' dir='ltr'>ς</span> <span class='ocrx_word' id='word_1_68' title='bbox 861 852 898 884; x_wconf 87' lang='lat' dir='ltr'><strong>et</strong></span> <span class='ocrx_word' id='word_1_69' title='bbox 913 849 1114 893; x_wconf 85' lang='lat' dir='ltr'><strong>omophorio</strong></span> <span class='ocrx_word' id='word_1_70' title='bbox 1124 850 1271 884; x_wconf 88' lang='lat' dir='ltr'><strong>candido</strong></span> <span class='ocrx_word' id='word_1_71' title='bbox 1282 851 1464 893; x_wconf 77' lang='lat' dir='ltr'><strong>compecto</strong></span> <span class='ocrx_word' id='word_1_72' title='bbox 1477 848 1586 893; x_wconf 84' lang='lat' dir='ltr'><strong>pestis</strong></span> <span class='ocrx_word' id='word_1_73' title='bbox 1595 847 1847 892; x_wconf 75' lang='lat' dir='ltr'><strong>exploratorem</strong></span> 
     </span>
    </p>
   </div>
   <div class='ocr_carea' id='block_1_9' title="bbox 449 903 1846 950">
    <p class='ocr_par' dir='ltr' id='par_1_9' title="bbox 449 903 1846 950">
     <span class='ocr_line' id='line_1_12' title="bbox 449 903 1846 950; baseline -0.003 -8"><span class='ocrx_word' id='word_1_74' title='bbox 449 914 500 945; x_wconf 79' lang='lat'><strong>1²5</strong></span> <span class='ocrx_word' id='word_1_75' title='bbox 515 907 618 941; x_wconf 88' lang='lat' dir='ltr'><strong>illum</strong></span> <span class='ocrx_word' id='word_1_76' title='bbox 632 906 707 949; x_wconf 81' lang='lat' dir='ltr'><strong>rati,</strong></span> <span class='ocrx_word' id='word_1_77' title='bbox 726 917 836 950; x_wconf 88' lang='lat' dir='ltr'><strong>quum</strong></span> <span class='ocrx_word' id='word_1_78' title='bbox 851 905 890 939; x_wconf 90' lang='lat' dir='ltr'><strong>in</strong></span> <span class='ocrx_word' id='word_1_79' title='bbox 904 905 962 939; x_wconf 78' lang='lat' dir='ltr'><strong>via</strong></span> <span class='ocrx_word' id='word_1_80' title='bbox 975 907 1132 949; x_wconf 74' lang='lat' dir='ltr'>pergeret</span> <span class='ocrx_word' id='word_1_81' title='bbox 1147 905 1315 940; x_wconf 86' lang='lat' dir='ltr'><strong>Erasmus</strong></span> <span class='ocrx_word' id='word_1_82' title='bbox 1330 904 1422 939; x_wconf 86' lang='lat' dir='ltr'><strong>nihil</strong></span> <span class='ocrx_word' id='word_1_83' title='bbox 1437 903 1641 939; x_wconf 78' lang='lat' dir='ltr'><strong>huiusmodi</strong></span> <span class='ocrx_word' id='word_1_84' title='bbox 1657 903 1846 947; x_wconf 72' lang='lat' dir='ltr'><strong>suspicans,</strong></span> 
     </span>
    </p>
   </div>
   <div class='ocr_carea' id='block_1_10' title="bbox 512 956 1850 1167">
    <p class='ocr_par' dir='ltr' id='par_1_10' title="bbox 512 956 1850 1167">
     <span class='ocr_line' id='line_1_13' title="bbox 514 956 1849 1005; baseline -0.004 -9"><span class='ocrx_word' id='word_1_85' title='bbox 514 962 680 1005; x_wconf 78' lang='lat' dir='ltr'><strong>correptis</strong></span> <span class='ocrx_word' id='word_1_86' title='bbox 694 961 789 995; x_wconf 87' lang='lat' dir='ltr'><strong>saxis</strong></span> <span class='ocrx_word' id='word_1_87' title='bbox 802 960 877 994; x_wconf 82' lang='lat' dir='ltr'><strong>vim</strong></span> <span class='ocrx_word' id='word_1_88' title='bbox 893 959 1017 994; x_wconf 85' lang='lat' dir='ltr'><strong>minati</strong></span> <span class='ocrx_word' id='word_1_89' title='bbox 1032 961 1116 993; x_wconf 85' lang='lat' dir='ltr'><strong>sunt</strong></span> <span class='ocrx_word' id='word_1_90' title='bbox 1130 961 1166 994; x_wconf 83' lang='lat' dir='ltr'><strong>et</strong></span> <span class='ocrx_word' id='word_1_91' title='bbox 1180 959 1343 994; x_wconf 89' lang='lat' dir='ltr'><strong>conuitiis</strong></span> <span class='ocrx_word' id='word_1_92' title='bbox 1360 959 1621 1003; x_wconf 82' lang='lat' dir='ltr'><strong>impetiuemnt,</strong></span> <span class='ocrx_word' id='word_1_93' title='bbox 1637 957 1735 992; x_wconf 82' lang='lat' dir='ltr'><strong>intra</strong></span> <span class='ocrx_word' id='word_1_94' title='bbox 1747 956 1849 992; x_wconf 76' lang='lat' dir='ltr'><strong>verba</strong></span> 
     </span>
     <span class='ocr_line' id='line_1_14' title="bbox 513 1011 1848 1060; baseline -0.004 -9"><span class='ocrx_word' id='word_1_95' title='bbox 513 1018 631 1051; x_wconf 83' lang='lat' dir='ltr'><strong>tamen</strong></span> <span class='ocrx_word' id='word_1_96' title='bbox 661 1014 817 1060; x_wconf 59' lang='lat' dir='ltr'><strong>maseati.</strong></span> <span class='ocrx_word' id='word_1_97' title='bbox 875 1015 1023 1049; x_wconf 79' lang='lat' dir='ltr'><strong>Causam</strong></span> <span class='ocrx_word' id='word_1_98' title='bbox 1046 1013 1298 1058; x_wconf 72' lang='lat' dir='ltr'><strong>indignationis</strong></span> <span class='ocrx_word' id='word_1_99' title='bbox 1324 1014 1500 1048; x_wconf 80' lang='lat' dir='ltr'><strong>demirans</strong></span> <span class='ocrx_word' id='word_1_100' title='bbox 1523 1012 1679 1058; x_wconf 73' lang='lat' dir='ltr'><strong>inquirit.</strong></span> <span class='ocrx_word' id='word_1_101' title='bbox 1738 1011 1848 1047; x_wconf 77' lang='lat' dir='ltr'><strong>Aiunt</strong></span> 
     </span>
     <span class='ocr_line' id='line_1_15' title="bbox 513 1066 1850 1114; baseline -0.004 -8"><span class='ocrx_word' id='word_1_102' title='bbox 513 1071 557 1106; x_wconf 90' lang='lat' dir='ltr'><strong>de</strong></span> <span class='ocrx_word' id='word_1_103' title='bbox 583 1071 725 1106; x_wconf 86' lang='lat' dir='ltr'><strong>aedibus</strong></span> <span class='ocrx_word' id='word_1_104' title='bbox 748 1069 1005 1114; x_wconf 83' lang='lat' dir='ltr'><strong>prospicientes,</strong></span> <span class='ocrx_word' id='word_1_105' title='bbox 1030 1070 1091 1113; x_wconf 85' lang='lat' dir='ltr'><strong>qui</strong></span> <span class='ocrx_word' id='word_1_106' title='bbox 1117 1070 1271 1103; x_wconf 71' lang='lat' dir='ltr'><strong>rixantes</strong></span> <span class='ocrx_word' id='word_1_107' title='bbox 1296 1069 1487 1112; x_wconf 74' lang='lat' dir='ltr'><strong>audierant,</strong></span> <span class='ocrx_word' id='word_1_108' title='bbox 1511 1067 1729 1112; x_wconf 69' lang='lat' dir='ltr'><strong>scapularem</strong></span> <span class='ocrx_word' id='word_1_109' title='bbox 1752 1066 1850 1100; x_wconf 78' lang='lat' dir='ltr'><strong>illam</strong></span> 
     </span>
     <span class='ocr_line' id='line_1_16' title="bbox 512 1121 1849 1167; baseline -0.003 -7"><span class='ocrx_word' id='word_1_110' title='bbox 512 1127 646 1161; x_wconf 83' lang='lat' dir='ltr'><strong>vestem</strong></span> <span class='ocrx_word' id='word_1_111' title='bbox 661 1136 720 1159; x_wconf 87' lang='lat' dir='ltr'><strong>eos</strong></span> <span class='ocrx_word' id='word_1_112' title='bbox 735 1134 940 1167; x_wconf 86' lang='lat' dir='ltr'><strong>prouocasse</strong></span> <span class='ocrx_word' id='word_1_113' title='bbox 955 1123 1048 1157; x_wconf 90' lang='lat' dir='ltr'><strong>nodo</strong></span> <span class='ocrx_word' id='word_1_114' title='bbox 1062 1124 1287 1157; x_wconf 73' lang='lat' dir='ltr'><strong>substrictam</strong></span> <span class='ocrx_word' id='word_1_115' title='bbox 1301 1124 1345 1158; x_wconf 74' lang='lat' dir='ltr'><strong>nd</strong></span> <span class='ocrx_word' id='word_1_116' title='bbox 1365 1124 1467 1165; x_wconf 87' lang='lat' dir='ltr'><strong>latus,</strong></span> <span class='ocrx_word' id='word_1_117' title='bbox 1486 1123 1645 1166; x_wconf 85' lang='lat' dir='ltr'><strong>deceptos</strong></span> <span class='ocrx_word' id='word_1_118' title='bbox 1667 1121 1716 1156; x_wconf 87' lang='lat' dir='ltr'><strong>ob</strong></span> <span class='ocrx_word' id='word_1_119' title='bbox 1738 1121 1849 1156; x_wconf 74' lang='lat' dir='ltr'><strong>cultus</strong></span> 
     </span>
    </p>
   </div>
   <div class='ocr_carea' id='block_1_11' title="bbox 514 1232 800 1269">
    <p class='ocr_par' dir='ltr' id='par_1_11' title="bbox 514 1232 800 1269">
     <span class='ocr_line' id='line_1_17' title="bbox 514 1232 800 1269; baseline -0.007 0"><span class='ocrx_word' id='word_1_120' title='bbox 514 1235 677 1269; x_wconf 78' lang='lat' dir='ltr'><strong>decedere</strong></span> <span class='ocrx_word' id='word_1_121' title='bbox 700 1232 800 1267; x_wconf 86' lang='lat' dir='ltr'><strong>velle.</strong></span> 
     </span>
    </p>
   </div>
   <div class='ocr_carea' id='block_1_12' title="bbox 449 1175 1851 1330">
    <p class='ocr_par' dir='ltr' id='par_1_12' title="bbox 449 1175 1851 1330">
     <span class='ocr_line' id='line_1_18' title="bbox 449 1175 1851 1222; baseline -0.001 -10"><span class='ocrx_word' id='word_1_122' title='bbox 449 1191 501 1219; x_wconf 80' lang='lat'><strong>¹30</strong></span> <span class='ocrx_word' id='word_1_123' title='bbox 513 1179 793 1221; x_wconf 85' lang='lat' dir='ltr'><strong>similitudinem,</strong></span> <span class='ocrx_word' id='word_1_124' title='bbox 810 1179 870 1222; x_wconf 87' lang='lat' dir='ltr'><strong>qui</strong></span> <span class='ocrx_word' id='word_1_125' title='bbox 884 1179 1040 1222; x_wconf 81' lang='lat' dir='ltr'><strong>putarint</strong></span> <span class='ocrx_word' id='word_1_126' title='bbox 1056 1190 1138 1212; x_wconf 85' lang='lat' dir='ltr'><strong>eum</strong></span> <span class='ocrx_word' id='word_1_127' title='bbox 1157 1179 1201 1212; x_wconf 86' lang='lat' dir='ltr'><strong>ab</strong></span> <span class='ocrx_word' id='word_1_128' title='bbox 1224 1179 1353 1213; x_wconf 79' lang='lat' dir='ltr'><strong>infecto</strong></span> <span class='ocrx_word' id='word_1_129' title='bbox 1375 1179 1490 1222; x_wconf 74' lang='lat' dir='ltr'><strong>aliquo</strong></span> <span class='ocrx_word' id='word_1_130' title='bbox 1512 1177 1625 1212; x_wconf 79' lang='lat' dir='ltr'><strong>redire</strong></span> <span class='ocrx_word' id='word_1_131' title='bbox 1645 1187 1713 1211; x_wconf 85' lang='lat' dir='ltr'><strong>nec</strong></span> <span class='ocrx_word' id='word_1_132' title='bbox 1733 1177 1779 1211; x_wconf 85' lang='lat' dir='ltr'><strong>de</strong></span> <span class='ocrx_word' id='word_1_133' title='bbox 1797 1175 1851 1210; x_wconf 74' lang='lat' dir='ltr'><strong>vis</strong></span> 
     </span>
     <span class='ocr_line' id='line_1_19' title="bbox 847 1231 1848 1277; baseline 0 -11"><span class='ocrx_word' id='word_1_134' title='bbox 847 1232 998 1267; x_wconf 87' lang='lat' dir='ltr'><strong>Proinde</strong></span> <span class='ocrx_word' id='word_1_135' title='bbox 1024 1244 1069 1266; x_wconf 84' lang='lat' dir='ltr'><strong>ne</strong></span> <span class='ocrx_word' id='word_1_136' title='bbox 1095 1232 1210 1267; x_wconf 87' lang='lat' dir='ltr'><strong>simile</strong></span> <span class='ocrx_word' id='word_1_137' title='bbox 1237 1233 1430 1277; x_wconf 86' lang='lat' dir='ltr'><strong>periculum</strong></span> <span class='ocrx_word' id='word_1_138' title='bbox 1456 1232 1617 1275; x_wconf 79' lang='lat' dir='ltr'><strong>deinceps</strong></span> <span class='ocrx_word' id='word_1_139' title='bbox 1646 1231 1848 1271; x_wconf 74' lang='lat' dir='ltr'><strong>incurreret,</strong></span> 
     </span>
     <span class='ocr_line' id='line_1_20' title="bbox 514 1286 1511 1330; baseline -0.002 -7"><span class='ocrx_word' id='word_1_140' title='bbox 514 1289 682 1323; x_wconf 82' lang='lat' dir='ltr'><strong>Erasmus</strong></span> <span class='ocrx_word' id='word_1_141' title='bbox 710 1288 755 1322; x_wconf 72' lang='lat' dir='ltr'><strong>ad</strong></span> <span class='ocrx_word' id='word_1_142' title='bbox 785 1287 920 1323; x_wconf 86' lang='lat' dir='ltr'><strong>Iulium</strong></span> <span class='ocrx_word' id='word_1_143' title='bbox 944 1286 1147 1330; x_wconf 86' lang='lat' dir='ltr'><strong>secundum,</strong></span> <span class='ocrx_word' id='word_1_144' title='bbox 1174 1287 1381 1322; x_wconf 85' lang='lat' dir='ltr'><strong>Pontificem</strong></span> <span class='ocrx_word' id='word_1_145' title='bbox 1407 1287 1511 1329; x_wconf 70' lang='lat' dir='ltr'><strong>Max„</strong></span> 
     </span>
    </p>
   </div>
   <div class='ocr_carea' id='block_1_13' title="bbox 1536 1285 1850 1330">
    <p class='ocr_par' dir='ltr' id='par_1_13' title="bbox 1536 1285 1850 1330">
     <span class='ocr_line' id='line_1_21' title="bbox 1536 1285 1850 1330; baseline -0.006 -9"><span class='ocrx_word' id='word_1_146' title='bbox 1536 1286 1634 1321; x_wconf 83' lang='lat' dir='ltr'><strong>misit</strong></span> <span class='ocrx_word' id='word_1_147' title='bbox 1659 1285 1850 1330; x_wconf 84' lang='lat' dir='ltr'><strong>supplicem</strong></span> 
     </span>
    </p>
   </div>
   <div class='ocr_carea' id='block_1_14' title="bbox 513 1340 1850 1441">
    <p class='ocr_par' dir='ltr' id='par_1_14' title="bbox 513 1340 1850 1441">
     <span class='ocr_line' id='line_1_22' title="bbox 513 1340 1850 1387; baseline -0.002 -9"><span class='ocrx_word' id='word_1_148' title='bbox 513 1343 684 1387; x_wconf 88' lang='lat' dir='ltr'><strong>libellum,</strong></span> <span class='ocrx_word' id='word_1_149' title='bbox 714 1354 782 1387; x_wconf 87' lang='lat' dir='ltr'><strong>quo</strong></span> <span class='ocrx_word' id='word_1_150' title='bbox 811 1342 880 1376; x_wconf 89' lang='lat' dir='ltr'><strong>sibi</strong></span> <span class='ocrx_word' id='word_1_151' title='bbox 906 1342 1058 1385; x_wconf 77' lang='lat' dir='ltr'><strong>religiosi</strong></span> <span class='ocrx_word' id='word_1_152' title='bbox 1084 1342 1200 1376; x_wconf 85' lang='lat' dir='ltr'><strong>cultus</strong></span> <span class='ocrx_word' id='word_1_153' title='bbox 1226 1342 1346 1377; x_wconf 83' lang='lat' dir='ltr'><strong>vtendi</strong></span> <span class='ocrx_word' id='word_1_154' title='bbox 1373 1344 1435 1376; x_wconf 87' lang='lat' dir='ltr'><strong>aut</strong></span> <span class='ocrx_word' id='word_1_155' title='bbox 1460 1352 1532 1376; x_wconf 87' lang='lat' dir='ltr'><strong>uon</strong></span> <span class='ocrx_word' id='word_1_156' title='bbox 1556 1340 1680 1376; x_wconf 67' lang='lat' dir='ltr'><strong>vteudi</strong></span> <span class='ocrx_word' id='word_1_157' title='bbox 1705 1340 1850 1385; x_wconf 74' lang='lat' dir='ltr'><strong>gratim</strong></span> 
     </span>
     <span class='ocr_line' id='line_1_23' title="bbox 513 1395 1850 1441; baseline -0.002 -8"><span class='ocrx_word' id='word_1_158' title='bbox 513 1398 650 1433; x_wconf 76' lang='lat' dir='ltr'><strong>faceret.</strong></span> <span class='ocrx_word' id='word_1_159' title='bbox 693 1397 737 1432; x_wconf 89' lang='lat' dir='ltr'><strong>Id</strong></span> <span class='ocrx_word' id='word_1_160' title='bbox 752 1396 1031 1441; x_wconf 80' lang='lat' dir='ltr'><strong>promerentibus</strong></span> <span class='ocrx_word' id='word_1_161' title='bbox 1042 1396 1116 1431; x_wconf 88' lang='lat' dir='ltr'><strong>suis</strong></span> <span class='ocrx_word' id='word_1_162' title='bbox 1131 1396 1364 1441; x_wconf 69' lang='lat' dir='ltr'><strong>singularibus</strong></span> <span class='ocrx_word' id='word_1_163' title='bbox 1372 1396 1564 1431; x_wconf 82' lang='lat' dir='ltr'><strong>virtutibus</strong></span> <span class='ocrx_word' id='word_1_164' title='bbox 1571 1396 1668 1430; x_wconf 86' lang='lat' dir='ltr'><strong>haud</strong></span> <span class='ocrx_word' id='word_1_165' title='bbox 1679 1395 1850 1439; x_wconf 79' lang='lat' dir='ltr'><strong>grauatim</strong></span> 
     </span>
    </p>
   </div>
   <div class='ocr_carea' id='block_1_15' title="bbox 449 1450 1851 1496">
    <p class='ocr_par' dir='ltr' id='par_1_15' title="bbox 449 1450 1851 1496">
     <span class='ocr_line' id='line_1_24' title="bbox 449 1450 1851 1496; baseline 0.001 -13"><span class='ocrx_word' id='word_1_166' title='bbox 449 1462 500 1492; x_wconf 76' lang='lat'><strong>135</strong></span> <span class='ocrx_word' id='word_1_167' title='bbox 514 1463 727 1494; x_wconf 87' lang='lat' dir='ltr'><strong>conoessum,</strong></span> <span class='ocrx_word' id='word_1_168' title='bbox 745 1452 850 1486; x_wconf 85' lang='lat' dir='ltr'><strong>modo</strong></span> <span class='ocrx_word' id='word_1_169' title='bbox 864 1452 960 1486; x_wconf 83' lang='lat' dir='ltr'><strong>veste</strong></span> <span class='ocrx_word' id='word_1_170' title='bbox 979 1451 1184 1485; x_wconf 84' lang='lat' dir='ltr'><strong>sacerdotali</strong></span> <span class='ocrx_word' id='word_1_171' title='bbox 1198 1453 1374 1493; x_wconf 76' lang='lat' dir='ltr'><strong>vteretur3</strong></span> <span class='ocrx_word' id='word_1_172' title='bbox 1396 1452 1489 1496; x_wconf 86' lang='lat' dir='ltr'><strong>quod</strong></span> <span class='ocrx_word' id='word_1_173' title='bbox 1503 1452 1575 1485; x_wconf 87' lang='lat' dir='ltr'><strong>Leo</strong></span> <span class='ocrx_word' id='word_1_174' title='bbox 1596 1451 1758 1486; x_wconf 83' lang='lat' dir='ltr'><strong>decimus</strong></span> <span class='ocrx_word' id='word_1_175' title='bbox 1773 1450 1851 1485; x_wconf 69' lang='lat' dir='ltr'><strong>dein</strong></span> 
     </span>
    </p>
   </div>
   <div class='ocr_carea' id='block_1_16' title="bbox 513 1505 1854 1714">
    <p class='ocr_par' dir='ltr' id='par_1_16' title="bbox 513 1505 1854 1714">
     <span class='ocr_line' id='line_1_25' title="bbox 513 1505 1852 1549; baseline -0.001 -8"><span class='ocrx_word' id='word_1_176' title='bbox 513 1507 757 1541; x_wconf 77' lang='lat' dir='ltr'><strong>accedentibus</strong></span> <span class='ocrx_word' id='word_1_177' title='bbox 779 1505 860 1540; x_wconf 87' lang='lat' dir='ltr'><strong>aliis</strong></span> <span class='ocrx_word' id='word_1_178' title='bbox 880 1506 987 1540; x_wconf 87' lang='lat' dir='ltr'><strong>etiam</strong></span> <span class='ocrx_word' id='word_1_179' title='bbox 1011 1505 1112 1540; x_wconf 86' lang='lat' dir='ltr'><strong>iustis</strong></span> <span class='ocrx_word' id='word_1_180' title='bbox 1135 1507 1256 1549; x_wconf 84' lang='lat' dir='ltr'><strong>causis,</strong></span> <span class='ocrx_word' id='word_1_181' title='bbox 1275 1517 1345 1540; x_wconf 90' lang='lat' dir='ltr'><strong>non</strong></span> <span class='ocrx_word' id='word_1_182' title='bbox 1368 1508 1442 1540; x_wconf 75' lang='lat' dir='ltr'><strong>tam</strong></span> <span class='ocrx_word' id='word_1_183' title='bbox 1464 1506 1508 1540; x_wconf 85' lang='lat' dir='ltr'><strong>ad</strong></span> <span class='ocrx_word' id='word_1_184' title='bbox 1530 1507 1624 1541; x_wconf 82' lang='lat' dir='ltr'><strong>vitae</strong></span> <span class='ocrx_word' id='word_1_185' title='bbox 1646 1506 1852 1540; x_wconf 81' lang='lat' dir='ltr'><strong>institutum</strong></span> 
     </span>
     <span class='ocr_line' id='line_1_26' title="bbox 515 1560 1852 1605; baseline -0.001 -10"><span class='ocrx_word' id='word_1_186' title='bbox 515 1573 621 1605; x_wconf 70' lang='lat' dir='ltr'><strong>quem</strong></span> <span class='ocrx_word' id='word_1_187' title='bbox 656 1562 700 1595; x_wconf 83' lang='lat' dir='ltr'><strong>ad</strong></span> <span class='ocrx_word' id='word_1_188' title='bbox 731 1561 979 1595; x_wconf 73' lang='lat' dir='ltr'><strong>illustrandam</strong></span> <span class='ocrx_word' id='word_1_189' title='bbox 1009 1561 1147 1594; x_wconf 76' lang='lat' dir='ltr'><strong>Erasini</strong></span> <span class='ocrx_word' id='word_1_190' title='bbox 1184 1561 1479 1595; x_wconf 75' lang='lat' dir='ltr'><strong>existimationem</strong></span> <span class='ocrx_word' id='word_1_191' title='bbox 1513 1561 1787 1604; x_wconf 78' lang='lat' dir='ltr'><strong>pertinentibus,</strong></span> <span class='ocrx_word' id='word_1_192' title='bbox 1817 1560 1852 1594; x_wconf 84' lang='lat' dir='ltr'><strong>in</strong></span> 
     </span>
     <span class='ocr_line' id='line_1_27' title="bbox 515 1614 1854 1659; baseline 0 -10"><span class='ocrx_word' id='word_1_193' title='bbox 515 1616 720 1659; x_wconf 85' lang='lat' dir='ltr'><strong>plenissima</strong></span> <span class='ocrx_word' id='word_1_194' title='bbox 749 1615 853 1659; x_wconf 90' lang='lat' dir='ltr'><strong>(quod</strong></span> <span class='ocrx_word' id='word_1_195' title='bbox 883 1615 994 1658; x_wconf 76' lang='lat' dir='ltr'><strong>aiunt)</strong></span> <span class='ocrx_word' id='word_1_196' title='bbox 1024 1615 1136 1649; x_wconf 74' lang='lat' dir='ltr'><strong>forma</strong></span> <span class='ocrx_word' id='word_1_197' title='bbox 1165 1616 1416 1650; x_wconf 84' lang='lat' dir='ltr'><strong>corroborauit:</strong></span> <span class='ocrx_word' id='word_1_198' title='bbox 1446 1615 1610 1649; x_wconf 89' lang='lat' dir='ltr'><strong>omnibus</strong></span> <span class='ocrx_word' id='word_1_199' title='bbox 1639 1617 1677 1649; x_wconf 86' lang='lat' dir='ltr'><strong>et</strong></span> <span class='ocrx_word' id='word_1_200' title='bbox 1707 1614 1854 1659; x_wconf 79' lang='lat' dir='ltr'><strong>sing-ulis</strong></span> 
     </span>
     <span class='ocr_line' id='line_1_28' title="bbox 516 1668 1854 1714; baseline 0 -10"><span class='ocrx_word' id='word_1_201' title='bbox 516 1670 710 1713; x_wconf 73' lang='lat' dir='ltr'><strong>specialiter</strong></span> <span class='ocrx_word' id='word_1_202' title='bbox 735 1671 771 1704; x_wconf 88' lang='lat' dir='ltr'><strong>et</strong></span> <span class='ocrx_word' id='word_1_203' title='bbox 798 1679 957 1713; x_wconf 81' lang='lat' dir='ltr'><strong>expresse</strong></span> <span class='ocrx_word' id='word_1_204' title='bbox 987 1669 1164 1713; x_wconf 70' lang='lat' dir='ltr'><strong>derogans,</strong></span> <span class='ocrx_word' id='word_1_205' title='bbox 1191 1681 1278 1714; x_wconf 76' lang='lat' dir='ltr'><strong>quae</strong></span> <span class='ocrx_word' id='word_1_206' title='bbox 1302 1670 1356 1713; x_wconf 82' lang='lat' dir='ltr'><strong>(vt</strong></span> <span class='ocrx_word' id='word_1_207' title='bbox 1381 1670 1486 1704; x_wconf 86' lang='lat' dir='ltr'><strong>verbo</strong></span> <span class='ocrx_word' id='word_1_208' title='bbox 1516 1669 1644 1713; x_wconf 86' lang='lat' dir='ltr'><strong>dicam)</strong></span> <span class='ocrx_word' id='word_1_209' title='bbox 1668 1668 1854 1714; x_wconf 83' lang='lat' dir='ltr'><strong>quomodo-</strong></span> 
     </span>
    </p>
   </div>
   <div class='ocr_carea' id='block_1_17' title="bbox 451 1723 1855 1769">
    <p class='ocr_par' dir='ltr' id='par_1_17' title="bbox 451 1723 1855 1769">
     <span class='ocr_line' id='line_1_29' title="bbox 451 1723 1855 1769; baseline -0.003 -8"><span class='ocrx_word' id='word_1_210' title='bbox 451 1740 504 1769; x_wconf 84' lang='lat'><strong>140</strong></span> <span class='ocrx_word' id='word_1_211' title='bbox 517 1735 654 1768; x_wconf 90' lang='lat' dir='ltr'><strong>cunque</strong></span> <span class='ocrx_word' id='word_1_212' title='bbox 668 1724 854 1766; x_wconf 80' lang='lat' dir='ltr'><strong>obstarent,</strong></span> <span class='ocrx_word' id='word_1_213' title='bbox 871 1726 1011 1758; x_wconf 79' lang='lat' dir='ltr'><strong>tenores</strong></span> <span class='ocrx_word' id='word_1_214' title='bbox 1025 1723 1240 1758; x_wconf 84' lang='lat' dir='ltr'><strong>obstantium</strong></span> <span class='ocrx_word' id='word_1_215' title='bbox 1257 1735 1547 1769; x_wconf 84' lang='lat' dir='ltr'><strong>quorumcunque</strong></span> <span class='ocrx_word' id='word_1_216' title='bbox 1559 1735 1623 1768; x_wconf 85' lang='lat' dir='ltr'><strong>pro</strong></span> <span class='ocrx_word' id='word_1_217' title='bbox 1641 1724 1855 1759; x_wconf 69' lang='lat' dir='ltr'><strong>sufficienter</strong></span> 
     </span>
    </p>
   </div>
   <div class='ocr_carea' id='block_1_18' title="bbox 515 1779 1854 1988">
    <p class='ocr_par' dir='ltr' id='par_1_18' title="bbox 515 1779 1854 1988">
     <span class='ocr_line' id='line_1_30' title="bbox 517 1779 1854 1824; baseline -0.001 -9"><span class='ocrx_word' id='word_1_218' title='bbox 517 1780 688 1824; x_wconf 83' lang='lat' dir='ltr'><strong>expressis</strong></span> <span class='ocrx_word' id='word_1_219' title='bbox 713 1779 1005 1823; x_wconf 26' lang='lat' dir='ltr'><strong>enumeratisque.</strong></span> <span class='ocrx_word' id='word_1_220' title='bbox 1021 1779 1165 1813; x_wconf 87' lang='lat' dir='ltr'><strong>habens.</strong></span> <span class='ocrx_word' id='word_1_221' title='bbox 1215 1779 1342 1823; x_wconf 81' lang='lat' dir='ltr'><strong>Ecquis</strong></span> <span class='ocrx_word' id='word_1_222' title='bbox 1362 1782 1481 1814; x_wconf 76' lang='lat' dir='ltr'><strong>autem</strong></span> <span class='ocrx_word' id='word_1_223' title='bbox 1503 1779 1641 1813; x_wconf 83' lang='lat' dir='ltr'><strong>dubitat</strong></span> <span class='ocrx_word' id='word_1_224' title='bbox 1664 1779 1854 1814; x_wconf 68' lang='lat' dir='ltr'><strong>Pontific-</strong></span> 
     </span>
     <span class='ocr_line' id='line_1_31' title="bbox 515 1834 1853 1879; baseline 0 -10"><span class='ocrx_word' id='word_1_225' title='bbox 515 1835 607 1869; x_wconf 61' lang='grc' dir='ltr'><strong>Μαι.</strong></span> <span class='ocrx_word' id='word_1_226' title='bbox 625 1835 664 1869; x_wconf 87' lang='lat' dir='ltr'><strong>in</strong></span> <span class='ocrx_word' id='word_1_227' title='bbox 680 1834 882 1869; x_wconf 87' lang='lat' dir='ltr'><strong>huiusmodi</strong></span> <span class='ocrx_word' id='word_1_228' title='bbox 897 1834 1063 1868; x_wconf 70' lang='lat' dir='ltr'><strong>humanis</strong></span> <span class='ocrx_word' id='word_1_229' title='bbox 1081 1834 1387 1868; x_wconf 83' lang='lat' dir='ltr'><strong>constitutionibus</strong></span> <span class='ocrx_word' id='word_1_230' title='bbox 1407 1834 1599 1879; x_wconf 87' lang='lat' dir='ltr'><strong>plurimum</strong></span> <span class='ocrx_word' id='word_1_231' title='bbox 1615 1844 1728 1877; x_wconf 83' lang='lat' dir='ltr'><strong>posse,</strong></span> <span class='ocrx_word' id='word_1_232' title='bbox 1746 1844 1853 1878; x_wconf 82' lang='lat' dir='ltr'><strong>quum</strong></span> 
     </span>
     <span class='ocr_line' id='line_1_32' title="bbox 515 1888 1851 1933; baseline 0 -9"><span class='ocrx_word' id='word_1_233' title='bbox 515 1889 604 1924; x_wconf 87' lang='lat' dir='ltr'><strong>iuris</strong></span> <span class='ocrx_word' id='word_1_234' title='bbox 618 1889 825 1932; x_wconf 81' lang='lat' dir='ltr'><strong>interpretes</strong></span> <span class='ocrx_word' id='word_1_235' title='bbox 840 1889 966 1923; x_wconf 88' lang='lat' dir='ltr'><strong>iisdem</strong></span> <span class='ocrx_word' id='word_1_236' title='bbox 982 1888 1020 1923; x_wconf 90' lang='lat' dir='ltr'><strong>in</strong></span> <span class='ocrx_word' id='word_1_237' title='bbox 1039 1900 1087 1931; x_wconf 87' lang='lat' dir='ltr'><strong>ea,</strong></span> <span class='ocrx_word' id='word_1_238' title='bbox 1104 1899 1192 1931; x_wconf 72' lang='lat' dir='ltr'><strong>quae</strong></span> <span class='ocrx_word' id='word_1_239' title='bbox 1205 1889 1263 1923; x_wconf 81' lang='lat' dir='ltr'><strong>vel</strong></span> <span class='ocrx_word' id='word_1_240' title='bbox 1278 1889 1364 1922; x_wconf 85' lang='lat' dir='ltr'><strong>iuris</strong></span> <span class='ocrx_word' id='word_1_241' title='bbox 1378 1889 1491 1923; x_wconf 84' lang='lat' dir='ltr'><strong>diuini</strong></span> <span class='ocrx_word' id='word_1_242' title='bbox 1510 1889 1593 1923; x_wconf 84' lang='lat' dir='ltr'><strong>sunt</strong></span> <span class='ocrx_word' id='word_1_243' title='bbox 1608 1888 1665 1922; x_wconf 85' lang='lat' dir='ltr'><strong>vel</strong></span> <span class='ocrx_word' id='word_1_244' title='bbox 1683 1889 1851 1933; x_wconf 71' lang='lat' dir='ltr'><strong>gentium,</strong></span> 
     </span>
     <span class='ocr_line' id='line_1_33' title="bbox 515 1943 1849 1988; baseline -0.001 -9"><span class='ocrx_word' id='word_1_245' title='bbox 515 1944 777 1988; x_wconf 80' lang='lat' dir='ltr'><strong>interpretanda</strong></span> <span class='ocrx_word' id='word_1_246' title='bbox 788 1943 1065 1987; x_wconf 76' lang='lat' dir='ltr'><strong>moderandnque</strong></span> <span class='ocrx_word' id='word_1_247' title='bbox 1080 1954 1151 1976; x_wconf 91' lang='lat' dir='ltr'><strong>non</strong></span> <span class='ocrx_word' id='word_1_248' title='bbox 1166 1954 1290 1987; x_wconf 88' lang='lat' dir='ltr'><strong>parum</strong></span> <span class='ocrx_word' id='word_1_249' title='bbox 1305 1944 1515 1985; x_wconf 82' lang='lat' dir='ltr'><strong>concedant;</strong></span> <span class='ocrx_word' id='word_1_250' title='bbox 1535 1944 1605 1977; x_wconf 90' lang='lat' dir='ltr'><strong>imo</strong></span> <span class='ocrx_word' id='word_1_251' title='bbox 1619 1943 1659 1977; x_wconf 88' lang='lat' dir='ltr'><strong>in</strong></span> <span class='ocrx_word' id='word_1_252' title='bbox 1676 1943 1849 1983; x_wconf 74' lang='lat' dir='ltr'><strong>omnibus,</strong></span> 
     </span>
    </p>
   </div>
   <div class='ocr_carea' id='block_1_19' title="bbox 453 1998 1852 2064">
    <p class='ocr_par' dir='ltr' id='par_1_19' title="bbox 453 1998 1852 2064">
     <span class='ocr_line' id='line_1_34' title="bbox 453 1998 1852 2064; baseline -0.001 -31"><span class='ocrx_word' id='word_1_253' title='bbox 453 2013 503 2041; x_wconf 80' lang='lat'><strong>1⁴5</strong></span> <span class='ocrx_word' id='word_1_254' title='bbox 517 1999 671 2042; x_wconf 88' lang='lat' dir='ltr'><strong>exceptis</strong></span> <span class='ocrx_word' id='word_1_255' title='bbox 688 1999 769 2033; x_wconf 86' lang='lat' dir='ltr'><strong>fidei</strong></span> <span class='ocrx_word' id='word_1_256' title='bbox 784 1999 948 2040; x_wconf 84' lang='lat' dir='ltr'><strong>articulis,</strong></span> <span class='ocrx_word' id='word_1_257' title='bbox 966 1998 1113 2032; x_wconf 79' lang='lat' dir='ltr'><strong>liberam</strong></span> <span class='ocrx_word' id='word_1_258' title='bbox 1132 2009 1175 2031; x_wconf 85' lang='lat' dir='ltr'><strong>ex</strong></span> <span class='ocrx_word' id='word_1_259' title='bbox 1197 2009 1299 2032; x_wconf 75' lang='lat' dir='ltr'><strong>causa</strong></span> <span class='ocrx_word' id='word_1_260' title='bbox 1320 1998 1528 2041; x_wconf 85' lang='lat' dir='ltr'><strong>disponendi</strong></span> <span class='ocrx_word' id='word_1_261' title='bbox 1551 1998 1852 2064; x_wconf 77' lang='lat' dir='ltr'><strong>dispensandique,</strong></span> 
     </span>
    </p>
   </div>
   <div class='ocr_carea' id='block_1_20' title="bbox 517 2052 1854 2261">
    <p class='ocr_par' dir='ltr' id='par_1_20' title="bbox 517 2052 1450 2096">
     <span class='ocr_line' id='line_1_35' title="bbox 517 2052 1450 2096; baseline 0.001 -10"><span class='ocrx_word' id='word_1_262' title='bbox 517 2052 583 2087; x_wconf 80' lang='lat' dir='ltr'><strong>vt‘</strong></span> <span class='ocrx_word' id='word_1_263' title='bbox 573 2064 728 2096; x_wconf 75' lang='lat' dir='ltr'><strong>ipsorum</strong></span> <span class='ocrx_word' id='word_1_264' title='bbox 743 2053 850 2087; x_wconf 86' lang='lat' dir='ltr'><strong>verbo</strong></span> <span class='ocrx_word' id='word_1_265' title='bbox 865 2054 951 2093; x_wconf 83' lang='lat' dir='ltr'><strong>vtar,</strong></span> <span class='ocrx_word' id='word_1_266' title='bbox 968 2054 1176 2096; x_wconf 85' lang='lat' dir='ltr'><strong>potestatem</strong></span> <span class='ocrx_word' id='word_1_267' title='bbox 1192 2064 1266 2087; x_wconf 86' lang='lat' dir='ltr'><strong>esse</strong></span> <span class='ocrx_word' id='word_1_268' title='bbox 1281 2053 1450 2087; x_wconf 77' lang='lat' dir='ltr'><strong>tradant?</strong></span> 
     </span>
    </p>

    <p class='ocr_par' dir='ltr' id='par_1_21' title="bbox 519 2106 1854 2261">
     <span class='ocr_line' id='line_1_36' title="bbox 563 2106 1853 2151; baseline 0.001 -10"><span class='ocrx_word' id='word_1_269' title='bbox 563 2106 622 2141; x_wconf 88' lang='lat' dir='ltr'><strong>Ad</strong></span> <span class='ocrx_word' id='word_1_270' title='bbox 664 2107 873 2142; x_wconf 85' lang='lat' dir='ltr'><strong>vmbilicum</strong></span> <span class='ocrx_word' id='word_1_271' title='bbox 917 2107 1083 2151; x_wconf 88' lang='lat' dir='ltr'><strong>perducto</strong></span> <span class='ocrx_word' id='word_1_272' title='bbox 1129 2118 1230 2151; x_wconf 89' lang='lat' dir='ltr'><strong>opere</strong></span> <span class='ocrx_word' id='word_1_273' title='bbox 1271 2107 1541 2142; x_wconf 83' lang='lat' dir='ltr'><strong>Prouerbiorum</strong></span> <span class='ocrx_word' id='word_1_274' title='bbox 1581 2106 1724 2151; x_wconf 81' lang='lat' dir='ltr'><strong>scripsit</strong></span> <span class='ocrx_word' id='word_1_275' title='bbox 1762 2107 1853 2142; x_wconf 76' lang='lat' dir='ltr'><strong>Aldo</strong></span> 
     </span>
     <span class='ocr_line' id='line_1_37' title="bbox 519 2160 1854 2206; baseline 0.001 -11"><span class='ocrx_word' id='word_1_276' title='bbox 519 2160 687 2203; x_wconf 66' lang='lat' dir='ltr'><strong>Uenutio,</strong></span> <span class='ocrx_word' id='word_1_277' title='bbox 734 2173 780 2196; x_wconf 88' lang='lat' dir='ltr'><strong>an</strong></span> <span class='ocrx_word' id='word_1_278' title='bbox 819 2161 949 2196; x_wconf 89' lang='lat' dir='ltr'><strong>librum</strong></span> <span class='ocrx_word' id='word_1_279' title='bbox 985 2161 1223 2196; x_wconf 88' lang='lat' dir='ltr'><strong>excudendum</strong></span> <span class='ocrx_word' id='word_1_280' title='bbox 1262 2162 1388 2196; x_wconf 78' lang='lat' dir='ltr'><strong>formis</strong></span> <span class='ocrx_word' id='word_1_281' title='bbox 1426 2162 1599 2206; x_wconf 88' lang='lat' dir='ltr'><strong>suscipere</strong></span> <span class='ocrx_word' id='word_1_282' title='bbox 1635 2162 1756 2196; x_wconf 82' lang='lat' dir='ltr'><strong>vellet.</strong></span> <span class='ocrx_word' id='word_1_283' title='bbox 1817 2161 1854 2196; x_wconf 85' lang='lat' dir='ltr'><strong>Is</strong></span> 
     </span>
     <span class='ocr_line' id='line_1_38' title="bbox 519 2215 1854 2261; baseline 0.001 -11"><span class='ocrx_word' id='word_1_284' title='bbox 519 2216 697 2258; x_wconf 87' lang='lat' dir='ltr'><strong>respondit</strong></span> <span class='ocrx_word' id='word_1_285' title='bbox 728 2216 765 2250; x_wconf 90' lang='lat' dir='ltr'><strong>id</strong></span> <span class='ocrx_word' id='word_1_286' title='bbox 795 2227 833 2250; x_wconf 89' lang='lat' dir='ltr'><strong>se</strong></span> <span class='ocrx_word' id='word_1_287' title='bbox 861 2215 1021 2250; x_wconf 72' lang='lat' dir='ltr'><strong>lubenter</strong></span> <span class='ocrx_word' id='word_1_288' title='bbox 1047 2216 1232 2251; x_wconf 77' lang='lat' dir='ltr'><strong>facturum.</strong></span> <span class='ocrx_word' id='word_1_289' title='bbox 1296 2217 1461 2251; x_wconf 80' lang='lat' dir='ltr'><strong>Venetias</strong></span> <span class='ocrx_word' id='word_1_290' title='bbox 1491 2217 1636 2258; x_wconf 81' lang='lat' dir='ltr'><strong>delatus,</strong></span> <span class='ocrx_word' id='word_1_291' title='bbox 1667 2228 1782 2261; x_wconf 85' lang='lat' dir='ltr'><strong>quum</strong></span> <span class='ocrx_word' id='word_1_292' title='bbox 1817 2216 1854 2251; x_wconf 83' lang='lat' dir='ltr'><strong>in</strong></span> 
     </span>
    </p>
   </div>
   <div class='ocr_carea' id='block_1_21' title="bbox 453 2270 1854 2316">
    <p class='ocr_par' dir='ltr' id='par_1_22' title="bbox 453 2270 1854 2316">
     <span class='ocr_line' id='line_1_39' title="bbox 453 2270 1854 2316; baseline 0.002 -12"><span class='ocrx_word' id='word_1_293' title='bbox 453 2284 505 2313; x_wconf 78' lang='lat'><strong>150</strong></span> <span class='ocrx_word' id='word_1_294' title='bbox 518 2270 690 2304; x_wconf 85' lang='lat' dir='ltr'><strong>officinam</strong></span> <span class='ocrx_word' id='word_1_295' title='bbox 717 2271 880 2313; x_wconf 85' lang='lat' dir='ltr'><strong>venisset,</strong></span> <span class='ocrx_word' id='word_1_296' title='bbox 907 2270 968 2304; x_wconf 88' lang='lat' dir='ltr'><strong>diu</strong></span> <span class='ocrx_word' id='word_1_297' title='bbox 992 2272 1130 2305; x_wconf 81' lang='lat' dir='ltr'><strong>coactus</strong></span> <span class='ocrx_word' id='word_1_298' title='bbox 1155 2273 1208 2306; x_wconf 86' lang='lat' dir='ltr'><strong>est</strong></span> <span class='ocrx_word' id='word_1_299' title='bbox 1233 2274 1411 2315; x_wconf 73' lang='lat' dir='ltr'><strong>expectare</strong></span> <span class='ocrx_word' id='word_1_300' title='bbox 1435 2272 1543 2306; x_wconf 85' lang='lat' dir='ltr'><strong>donec</strong></span> <span class='ocrx_word' id='word_1_301' title='bbox 1567 2271 1610 2306; x_wconf 86' lang='lat' dir='ltr'><strong>ad</strong></span> <span class='ocrx_word' id='word_1_302' title='bbox 1640 2272 1854 2316; x_wconf 83' lang='lat' dir='ltr'><strong>colloquium</strong></span> 
     </span>
    </p>
   </div>
   <div class='ocr_carea' id='block_1_22' title="bbox 518 2325 1855 2427">
    <p class='ocr_par' dir='ltr' id='par_1_23' title="bbox 518 2325 1855 2427">
     <span class='ocr_line' id='line_1_40' title="bbox 518 2325 1853 2371; baseline 0.001 -10"><span class='ocrx_word' id='word_1_303' title='bbox 518 2325 784 2368; x_wconf 67' lang='lat' dir='ltr'><strong>admitteretur-3</strong></span> <span class='ocrx_word' id='word_1_304' title='bbox 806 2337 885 2359; x_wconf 88' lang='lat' dir='ltr'><strong>oum</strong></span> <span class='ocrx_word' id='word_1_305' title='bbox 910 2326 991 2370; x_wconf 86' lang='lat' dir='ltr'><strong>quia</strong></span> <span class='ocrx_word' id='word_1_306' title='bbox 1012 2326 1127 2360; x_wconf 87' lang='lat' dir='ltr'><strong>Aldus</strong></span> <span class='ocrx_word' id='word_1_307' title='bbox 1149 2326 1432 2370; x_wconf 81' lang='lat' dir='ltr'><strong>recognoscendis</strong></span> <span class='ocrx_word' id='word_1_308' title='bbox 1453 2327 1649 2370; x_wconf 78' lang='lat' dir='ltr'><strong>archetypis</strong></span> <span class='ocrx_word' id='word_1_309' title='bbox 1671 2337 1853 2371; x_wconf 74' lang='lat' dir='ltr'><strong>operarum</strong></span> 
     </span>
     <span class='ocr_line' id='line_1_41' title="bbox 518 2380 1855 2427; baseline 0.001 -12"><span class='ocrx_word' id='word_1_310' title='bbox 518 2381 695 2415; x_wconf 85' lang='lat' dir='ltr'><strong>laboribus</strong></span> <span class='ocrx_word' id='word_1_311' title='bbox 721 2380 888 2415; x_wconf 84' lang='lat' dir='ltr'><strong>formulas</strong></span> <span class='ocrx_word' id='word_1_312' title='bbox 913 2382 1076 2415; x_wconf 84' lang='lat' dir='ltr'><strong>stanneas</strong></span> <span class='ocrx_word' id='word_1_313' title='bbox 1100 2381 1326 2416; x_wconf 85' lang='lat' dir='ltr'><strong>tumultuarie</strong></span> <span class='ocrx_word' id='word_1_314' title='bbox 1355 2382 1642 2416; x_wconf 71' lang='lat' dir='ltr'><strong>concinnentium</strong></span> <span class='ocrx_word' id='word_1_315' title='bbox 1668 2385 1855 2427; x_wconf 75' lang='lat' dir='ltr'><strong>oocupstus</strong></span> 
     </span>
    </p>
   </div>
   <div class='ocr_carea' id='block_1_23' title="bbox 520 2478 1160 2770">
    <p class='ocr_par' dir='ltr' id='par_1_24' title="bbox 520 2478 1160 2734">
     <span class='ocr_line' id='line_1_42' title="bbox 557 2478 1159 2515; baseline 0 -8"><span class='ocrx_word' id='word_1_316' title='bbox 557 2488 617 2514; x_wconf 76' lang='lat'><strong>132.</strong></span> <span class='ocrx_word' id='word_1_317' title='bbox 639 2479 770 2515; x_wconf 89' lang='lat' dir='ltr'><strong>Iulium]</strong></span> <span class='ocrx_word' id='word_1_318' title='bbox 789 2480 833 2508; x_wconf 77' lang='lat' dir='ltr'><strong>Cf.</strong></span> <span class='ocrx_word' id='word_1_319' title='bbox 854 2487 872 2507; x_wconf 85' lang='lat' dir='ltr'><strong>a</strong></span> <span class='ocrx_word' id='word_1_320' title='bbox 889 2479 981 2507; x_wconf 80' lang='lat' dir='ltr'><strong>letter</strong></span> <span class='ocrx_word' id='word_1_321' title='bbox 999 2478 1033 2506; x_wconf 72' lang='lat' dir='ltr'><strong>of</strong></span> <span class='ocrx_word' id='word_1_322' title='bbox 1048 2479 1159 2507; x_wconf 72' lang='lat' dir='ltr'><strong>Beatus</strong></span> 
     </span>
     <span class='ocr_line' id='line_1_43' title="bbox 520 2516 1159 2552; baseline -0.002 -8"><span class='ocrx_word' id='word_1_323' title='bbox 520 2516 685 2544; x_wconf 83' lang='lat' dir='ltr'><strong>Rhenanus</strong></span> <span class='ocrx_word' id='word_1_324' title='bbox 721 2516 769 2552; x_wconf 80' lang='grc'><strong>(93</strong></span> <span class='ocrx_word' id='word_1_325' title='bbox 805 2517 885 2544; x_wconf 83' lang='lat' dir='ltr'><strong>June</strong></span> <span class='ocrx_word' id='word_1_326' title='bbox 924 2516 1005 2550; x_wconf 79' lang='lat'>1540)</span> <span class='ocrx_word' id='word_1_327' title='bbox 1037 2517 1069 2543; x_wconf 81' lang='lat' dir='ltr'><strong>to</strong></span> <span class='ocrx_word' id='word_1_328' title='bbox 1105 2516 1159 2543; x_wconf 77' lang='lat' dir='ltr'><strong>the</strong></span> 
     </span>
     <span class='ocr_line' id='line_1_44' title="bbox 522 2552 1158 2588; baseline -0.002 -8"><span class='ocrx_word' id='word_1_329' title='bbox 522 2552 609 2580; x_wconf 76' lang='lat' dir='ltr'><strong>Basle</strong></span> <span class='ocrx_word' id='word_1_330' title='bbox 633 2553 775 2588; x_wconf 69' lang='lat' dir='ltr'><strong>printem,</strong></span> <span class='ocrx_word' id='word_1_331' title='bbox 806 2552 863 2579; x_wconf 85' lang='lat' dir='ltr'><strong>‘In</strong></span> <span class='ocrx_word' id='word_1_332' title='bbox 894 2553 1001 2587; x_wconf 86' lang='lat' dir='ltr'><strong>primis</strong></span> <span class='ocrx_word' id='word_1_333' title='bbox 1031 2553 1158 2586; x_wconf 74' lang='lat' dir='ltr'><strong>cogitate</strong></span> 
     </span>
     <span class='ocr_line' id='line_1_45' title="bbox 520 2588 1159 2624; baseline -0.002 -8"><span class='ocrx_word' id='word_1_334' title='bbox 520 2597 560 2616; x_wconf 81' lang='lat' dir='ltr'><strong>an</strong></span> <span class='ocrx_word' id='word_1_335' title='bbox 582 2589 660 2617; x_wconf 85' lang='lat' dir='ltr'><strong>illud</strong></span> <span class='ocrx_word' id='word_1_336' title='bbox 683 2590 724 2617; x_wconf 79' lang='lat' dir='ltr'><strong>sit</strong></span> <span class='ocrx_word' id='word_1_337' title='bbox 743 2598 760 2616; x_wconf 92' lang='lat' dir='ltr'><strong>e</strong></span> <span class='ocrx_word' id='word_1_338' title='bbox 782 2588 932 2624; x_wconf 76' lang='lat' dir='ltr'><strong>dignitate</strong></span> <span class='ocrx_word' id='word_1_339' title='bbox 954 2589 997 2615; x_wconf 86' lang='lat' dir='ltr'><strong>rei</strong></span> <span class='ocrx_word' id='word_1_340' title='bbox 1020 2588 1100 2624; x_wconf 84' lang='lat' dir='ltr'><strong>quod</strong></span> <span class='ocrx_word' id='word_1_341' title='bbox 1120 2588 1159 2615; x_wconf 87' lang='lat' dir='ltr'><strong>de</strong></span> 
     </span>
     <span class='ocr_line' id='line_1_46' title="bbox 521 2625 1159 2660; baseline -0.002 -8"><span class='ocrx_word' id='word_1_342' title='bbox 521 2625 745 2660; x_wconf 77' lang='lat' dir='ltr'><strong>dispensatione</strong></span> <span class='ocrx_word' id='word_1_343' title='bbox 781 2633 800 2653; x_wconf 90' lang='lat' dir='ltr'><strong>a</strong></span> <span class='ocrx_word' id='word_1_344' title='bbox 832 2625 914 2653; x_wconf 85' lang='lat' dir='ltr'><strong>Iulio</strong></span> <span class='ocrx_word' id='word_1_345' title='bbox 941 2633 966 2652; x_wconf 84' lang='lat' dir='ltr'><strong>n</strong></span> <span class='ocrx_word' id='word_1_346' title='bbox 998 2625 1159 2659; x_wconf 73' lang='lat' dir='ltr'><strong>impetrate</strong></span> 
     </span>
     <span class='ocr_line' id='line_1_47' title="bbox 521 2661 1160 2695; baseline -0.002 -6"><span class='ocrx_word' id='word_1_347' title='bbox 521 2661 689 2690; x_wconf 80' lang='lat' dir='ltr'><strong>admiscui.</strong></span> <span class='ocrx_word' id='word_1_348' title='bbox 724 2664 750 2690; x_wconf 88' lang='lat' dir='ltr'><strong>I.</strong></span> <span class='ocrx_word' id='word_1_349' title='bbox 769 2664 854 2695; x_wconf 67' lang='lat' dir='ltr'><strong>Lipsii</strong></span> <span class='ocrx_word' id='word_1_350' title='bbox 869 2663 1036 2694; x_wconf 67' lang='lat' dir='ltr'><strong>epistolamm</strong></span> <span class='ocrx_word' id='word_1_351' title='bbox 1055 2663 1160 2688; x_wconf 70' lang='lat' dir='ltr'><strong>decades</strong></span> 
     </span>
     <span class='ocr_line' id='line_1_48' title="bbox 522 2698 1120 2734; baseline 0 -10"><span class='ocrx_word' id='word_1_352' title='bbox 522 2700 602 2731; x_wconf 59' lang='lat' dir='ltr'><strong>21¹5„ae</strong></span> <span class='ocrx_word' id='word_1_353' title='bbox 616 2698 695 2733; x_wconf 75' lang='lat'>1621,</span> <span class='ocrx_word' id='word_1_354' title='bbox 709 2707 738 2733; x_wconf 89' lang='lat' dir='ltr'><strong>p.</strong></span> <span class='ocrx_word' id='word_1_355' title='bbox 755 2706 815 2726; x_wconf 75' lang='lat'><strong>102.</strong></span> <span class='ocrx_word' id='word_1_356' title='bbox 854 2698 916 2725; x_wconf 89' lang='lat' dir='ltr'><strong>But</strong></span> <span class='ocrx_word' id='word_1_357' title='bbox 929 2706 978 2725; x_wconf 85' lang='lat' dir='ltr'><strong>see</strong></span> <span class='ocrx_word' id='word_1_358' title='bbox 991 2698 1044 2734; x_wconf 84' lang='lat' dir='ltr'><strong>Ep.</strong></span> <span class='ocrx_word' id='word_1_359' title='bbox 1057 2698 1120 2724; x_wconf 80' lang='grc'><strong>996.</strong></span> 
     </span>
    </p>

    <p class='ocr_par' dir='ltr' id='par_1_25' title="bbox 561 2718 1157 2770">
     <span class='ocr_line' id='line_1_49' title="bbox 561 2718 1157 2770; baseline 0 -10"><span class='ocrx_word' id='word_1_360' title='bbox 561 2741 622 2768; x_wconf 77' lang='lat'><strong>¹33·</strong></span> <span class='ocrx_word' id='word_1_361' title='bbox 644 2718 829 2770; x_wconf 73' lang='lat' dir='ltr'><strong>corleessum]</strong></span> <span class='ocrx_word' id='word_1_362' title='bbox 845 2734 889 2762; x_wconf 78' lang='lat' dir='ltr'><strong>Cf.</strong></span> <span class='ocrx_word' id='word_1_363' title='bbox 909 2734 962 2770; x_wconf 84' lang='lat' dir='ltr'><strong>Ep.</strong></span> <span class='ocrx_word' id='word_1_364' title='bbox 983 2735 1047 2769; x_wconf 90' lang='grc'><strong>996.</strong></span> <span class='ocrx_word' id='word_1_365' title='bbox 1065 2734 1157 2761; x_wconf 74' lang='lat' dir='ltr'><strong>xson.</strong></span> 
     </span>
    </p>
   </div>
   <div class='ocr_carea' id='block_1_24' title="bbox 522 2769 1161 2807">
    <p class='ocr_par' dir='ltr' id='par_1_26' title="bbox 522 2769 1161 2807">
     <span class='ocr_line' id='line_1_50' title="bbox 522 2769 1161 2807; baseline 0 -10"><span class='ocrx_word' id='word_1_366' title='bbox 522 2770 583 2798; x_wconf 82' lang='lat' dir='ltr'><strong>and</strong></span> <span class='ocrx_word' id='word_1_367' title='bbox 599 2769 685 2798; x_wconf 77' lang='lat' dir='ltr'><strong>BRE.</strong></span> <span class='ocrx_word' id='word_1_368' title='bbox 699 2771 752 2805; x_wconf 84' lang='grc'><strong>338</strong></span> <span class='ocrx_word' id='word_1_369' title='bbox 766 2770 814 2806; x_wconf 88' lang='grc'><strong>(98</strong></span> <span class='ocrx_word' id='word_1_370' title='bbox 825 2770 844 2798; x_wconf 84' lang='lat' dir='ltr'><strong>J</strong></span> <span class='ocrx_word' id='word_1_371' title='bbox 846 2771 899 2806; x_wconf 78' lang='lat' dir='ltr'><strong>uly</strong></span> <span class='ocrx_word' id='word_1_372' title='bbox 913 2771 1007 2807; x_wconf 82' lang='lat'><strong>1540),</strong></span> <span class='ocrx_word' id='word_1_373' title='bbox 1021 2770 1161 2806; x_wconf 77' lang='lat' dir='ltr'><strong>Suspicor</strong></span> 
     </span>
    </p>
   </div>
   <div class='ocr_carea' id='block_1_25' title="bbox 1214 2479 1857 2807">
    <p class='ocr_par' dir='ltr' id='par_1_27' title="bbox 1214 2479 1856 2697">
     <span class='ocr_line' id='line_1_51' title="bbox 1215 2479 1854 2513; baseline 0.003 -6"><span class='ocrx_word' id='word_1_374' title='bbox 1215 2479 1375 2507; x_wconf 79' lang='lat' dir='ltr'><strong>Erasmum</strong></span> <span class='ocrx_word' id='word_1_375' title='bbox 1399 2480 1481 2508; x_wconf 83' lang='lat' dir='ltr'><strong>nihil</strong></span> <span class='ocrx_word' id='word_1_376' title='bbox 1506 2479 1646 2507; x_wconf 76' lang='lat' dir='ltr'><strong>habuisse</strong></span> <span class='ocrx_word' id='word_1_377' title='bbox 1668 2487 1689 2507; x_wconf 74' lang='lat' dir='ltr'><strong>s</strong></span> <span class='ocrx_word' id='word_1_378' title='bbox 1711 2479 1797 2509; x_wconf 82' lang='lat' dir='ltr'><strong>Iulio</strong></span> <span class='ocrx_word' id='word_1_379' title='bbox 1813 2487 1854 2513; x_wconf 72' lang='lat' dir='ltr'><strong>m</strong></span> 
     </span>
     <span class='ocr_line' id='line_1_52' title="bbox 1215 2516 1852 2550; baseline 0.003 -7"><span class='ocrx_word' id='word_1_380' title='bbox 1215 2517 1328 2550; x_wconf 76' lang='lat' dir='ltr'><strong>alioqui</strong></span> <span class='ocrx_word' id='word_1_381' title='bbox 1365 2516 1424 2544; x_wconf 83' lang='lat' dir='ltr'><strong>Leo</strong></span> <span class='ocrx_word' id='word_1_382' title='bbox 1460 2517 1527 2544; x_wconf 88' lang='lat' dir='ltr'><strong>eius</strong></span> <span class='ocrx_word' id='word_1_383' title='bbox 1562 2517 1608 2544; x_wconf 81' lang='lat' dir='ltr'><strong>rei</strong></span> <span class='ocrx_word' id='word_1_384' title='bbox 1645 2517 1852 2549; x_wconf 54' lang='lat' dir='ltr'><strong>meminimt:</strong></span> 
     </span>
     <span class='ocr_line' id='line_1_53' title="bbox 1215 2551 1856 2588; baseline 0.003 -9"><span class='ocrx_word' id='word_1_385' title='bbox 1215 2553 1359 2587; x_wconf 72' lang='lat' dir='ltr'><strong>meaning</strong></span> <span class='ocrx_word' id='word_1_386' title='bbox 1382 2553 1511 2588; x_wconf 83' lang='lat' dir='ltr'><strong>perhaps</strong></span> <span class='ocrx_word' id='word_1_387' title='bbox 1534 2552 1602 2580; x_wconf 69' lang='lat' dir='ltr'><strong>that</strong></span> <span class='ocrx_word' id='word_1_388' title='bbox 1626 2552 1773 2581; x_wconf 75' lang='lat' dir='ltr'><strong>Erasmus</strong></span> <span class='ocrx_word' id='word_1_389' title='bbox 1795 2551 1856 2581; x_wconf 71' lang='lat' dir='ltr'><strong>hul</strong></span> 
     </span>
     <span class='ocr_line' id='line_1_54' title="bbox 1215 2588 1852 2624; baseline 0.005 -9"><span class='ocrx_word' id='word_1_390' title='bbox 1215 2596 1256 2616; x_wconf 89' lang='lat' dir='ltr'><strong>no</strong></span> <span class='ocrx_word' id='word_1_391' title='bbox 1273 2589 1398 2616; x_wconf 77' lang='lat' dir='ltr'><strong>written</strong></span> <span class='ocrx_word' id='word_1_392' title='bbox 1419 2588 1626 2624; x_wconf 64' lang='lat' dir='ltr'><strong>dispensationi</strong></span> <span class='ocrx_word' id='word_1_393' title='bbox 1643 2589 1724 2617; x_wconf 76' lang='lat' dir='ltr'><strong>from</strong></span> <span class='ocrx_word' id='word_1_394' title='bbox 1742 2590 1852 2618; x_wconf 72' lang='lat' dir='ltr'><strong>Juliu-</strong></span> 
     </span>
     <span class='ocr_line' id='line_1_55' title="bbox 1214 2624 1856 2660; baseline 0.002 -7"><span class='ocrx_word' id='word_1_395' title='bbox 1214 2624 1267 2660; x_wconf 78' lang='lat' dir='ltr'><strong>Ep.</strong></span> <span class='ocrx_word' id='word_1_396' title='bbox 1280 2627 1334 2652; x_wconf 83' lang='grc'><strong>996</strong></span> <span class='ocrx_word' id='word_1_397' title='bbox 1344 2625 1488 2660; x_wconf 81' lang='lat' dir='ltr'><strong>probably</strong></span> <span class='ocrx_word' id='word_1_398' title='bbox 1498 2625 1648 2653; x_wconf 77' lang='lat' dir='ltr'><strong>indicates</strong></span> <span class='ocrx_word' id='word_1_399' title='bbox 1655 2625 1727 2653; x_wconf 72' lang='lat' dir='ltr'><strong>that</strong></span> <span class='ocrx_word' id='word_1_400' title='bbox 1733 2625 1790 2654; x_wconf 79' lang='lat' dir='ltr'><strong>the</strong></span> <span class='ocrx_word' id='word_1_401' title='bbox 1798 2625 1856 2654; x_wconf 73' lang='lat' dir='ltr'><strong>for·</strong></span> 
     </span>
     <span class='ocr_line' id='line_1_56' title="bbox 1214 2661 1822 2697; baseline 0.003 -9"><span class='ocrx_word' id='word_1_402' title='bbox 1214 2662 1346 2689; x_wconf 80' lang='lat' dir='ltr'><strong>malities</strong></span> <span class='ocrx_word' id='word_1_403' title='bbox 1357 2669 1436 2689; x_wconf 81' lang='lat' dir='ltr'><strong>were</strong></span> <span class='ocrx_word' id='word_1_404' title='bbox 1448 2663 1502 2689; x_wconf 87' lang='lat' dir='ltr'><strong>not</strong></span> <span class='ocrx_word' id='word_1_405' title='bbox 1515 2661 1682 2690; x_wconf 82' lang='lat' dir='ltr'><strong>concluded</strong></span> <span class='ocrx_word' id='word_1_406' title='bbox 1693 2663 1728 2689; x_wconf 87' lang='lat' dir='ltr'><strong>in</strong></span> <span class='ocrx_word' id='word_1_407' title='bbox 1742 2669 1822 2697; x_wconf 80' lang='lat'><strong>¹⁵¹¹·</strong></span> 
     </span>
    </p>

    <p class='ocr_par' dir='ltr' id='par_1_28' title="bbox 1215 2697 1857 2807">
     <span class='ocr_line' id='line_1_57' title="bbox 1215 2697 1857 2771; baseline 0.002 -10"><span class='ocrx_word' id='word_1_408' title='bbox 1215 2706 1299 2761; x_wconf 52' lang='lat'><strong>153?</strong></span> <span class='ocrx_word' id='word_1_409' title='bbox 1301 2698 1487 2762; x_wconf 51' lang='lat'><strong>33¹3?</strong></span> <span class='ocrx_word' id='word_1_410' title='bbox 1479 2697 1857 2771; x_wconf 56' lang='lat' dir='ltr'><strong>³2¹2¹ffi¹³1¹²⁶5⁸2³¹¹1210ffl</strong></span> 
     </span>
     <span class='ocr_line' id='line_1_58' title="bbox 1216 2742 1857 2807; baseline 0.003 -9"><span class='ocrx_word' id='word_1_411' title='bbox 1216 2773 1248 2798; x_wconf 78' lang='lat' dir='ltr'><strong>st</strong></span> <span class='ocrx_word' id='word_1_412' title='bbox 1257 2771 1354 2798; x_wconf 74' lang='lat' dir='ltr'><strong>Basle.</strong></span> <span class='ocrx_word' id='word_1_413' title='bbox 1383 2771 1437 2799; x_wconf 86' lang='lat' dir='ltr'><strong>See</strong></span> <span class='ocrx_word' id='word_1_414' title='bbox 1445 2771 1579 2807; x_wconf 73' lang='lat' dir='ltr'><strong>vischer,</strong></span> <span class='ocrx_word' id='word_1_415' title='bbox 1587 2742 1762 2807; x_wconf 48' lang='lat' dir='ltr'><strong>minu-un</strong></span> <span class='ocrx_word' id='word_1_416' title='bbox 1773 2779 1803 2807; x_wconf 87' lang='lat' dir='ltr'><strong>p.</strong></span> <span class='ocrx_word' id='word_1_417' title='bbox 1812 2770 1857 2799; x_wconf 71' lang='grc'><strong>98.</strong></span> 
     </span>
    </p>
   </div>
  </div>
 </body>
</html>
