2248 3363
495 392 538 424 54
883 387 1092 422 LETTERS
1122 387 1182 421 OF
1213 386 1432 421 ERASMUS
1723 384 1825 432 [1536

443 490 479 518 35
495 476 587 518 Get?
601 477 668 511 hoc
690 477 743 510 est
761 476 770 493 ⁴
781 475 894 510 Chare
908 475 1025 516 Deus:
1036 474 1158 517 quinto
1176 473 1277 507 eidus
1294 472 1407 507 Iulias
1424 472 1491 506 sub
1510 472 1665 507 mediam
1688 475 1825 507 noctem

494 532 568 567 vita
581 532 725 566 functus
738 532 800 564 est.
848 530 920 563 Nec
941 528 1028 563 alias
1045 528 1162 562 emisit
1181 538 1290 569 voceS,
1307 527 1441 561 ratione
1461 537 1546 561 vaus
1563 526 1705 572 integra
1718 538 1825 572 vsque

494 587 540 621 ad
570 595 774 629 supremum
803 583 898 618 vitae
935 583 1082 617 exitum.
1136 582 1399 626 Impatientiam
1438 584 1557 617 autem
1585 582 1626 616 in
1655 582 1826 617 soluendo

495 642 641 674 naturae
662 638 779 673 debito
801 638 983 672 ostendere
1004 648 1078 672 esse
1105 636 1208 671 debet
1230 647 1252 670 a
1274 636 1472 671 Christiano
1493 647 1636 680 prorsus
1658 636 1822 680 alienum,

495 704 605 738 quum
625 704 720 728 mors
741 692 880 736 piorum
902 692 995 727 nihil
1021 692 1068 726 sit
1092 691 1161 725 nisi
1182 691 1353 725 transitus
1377 692 1422 726 ad
1447 691 1558 726 vitam
1581 691 1777 736 meliorem,
1791 695 1825 727 et

445 762 483 789 40
495 748 556 792 qui
570 748 769 781 moriuntur
788 758 860 781 non
881 747 1078 781 moriantur
1097 746 1157 780 sed
1179 746 1388 789 praecedant
1410 756 1476 780 nos
1498 746 1621 780 eodem
1643 747 1824 790 peruenire

497 802 684 846 cupientes,
700 803 741 835 vt
755 803 810 836 est
826 801 918 845 apud
934 800 1143 844 Septimium
1157 799 1423 835 Tertullianum.
1471 800 1598 835 Paucis
1608 803 1696 835 ante
1707 801 1824 836 diebus

496 867 602 900 quam
616 857 691 890 vita
706 856 960 900 defungeretur,
972 865 1081 899 quum
1097 854 1298 889 Bonifacius
1309 854 1571 897 Amerbachiua
1585 854 1825 901 Hieronymus

497 910 688 945 Frobenius
700 913 734 945 et
745 910 911 944 Nicolaus
921 909 1135 954 Episcopiua
1154 909 1256 943 amici
1268 909 1472 950 selectiores,
1485 909 1585 944 illum
1598 910 1705 944 officii
1716 911 1825 955 grafia

497 965 603 1000 simul
614 965 823 1007 'inuiserenss
844 964 1042 999 cubiculum
1062 964 1235 1007 ingressos
1251 964 1362 997 trium
1382 964 1572 999 amicorum
1587 964 1633 999 ad
1647 965 1825 1000 consolan-

446 1034 482 1062 45
497 1020 581 1055 dum
608 1020 672 1055 Iob
696 1020 913 1054 venientium
943 1019 1137 1060 admonuit,
1166 1019 1311 1052 Vbinam
1341 1019 1466 1053 scissae
1495 1021 1609 1054 vestes
1640 1021 1761 1055 essent
1788 1031 1825 1055 ac

496 1075 630 1109 cineres
643 1074 815 1118 capitibus
829 1073 1053 1117 inspergendi
1068 1083 1244 1116 quaerens.
1294 1073 1373 1107 Hoc
1387 1075 1507 1107 autem
1521 1084 1617 1107 anno
1632 1084 1672 1108 se
1686 1074 1825 1109 moritu-

497 1140 576 1163 rum
591 1131 674 1164 ante
695 1129 826 1163 multos
847 1139 986 1162 menses
1007 1127 1193 1162 vaticinari
1213 1126 1309 1170 solet,
1329 1129 1366 1161 et
1383 1129 1498 1162 triduo
1517 1127 1687 1171 primum,
1705 1129 1826 1164 deinde

497 1183 603 1218 biduo
617 1185 769 1218 mortem
782 1183 964 1227 praedixit.
1011 1183 1126 1225 Quam
1141 1182 1321 1226 publicum
1339 1184 1396 1217 sui
1410 1184 1622 1218 desiderium
1636 1183 1824 1228 reliquerit,

498 1239 600 1273 testis
628 1238 697 1272 fuit
726 1239 889 1282 frequens
917 1237 961 1271 ad
991 1248 1152 1281 supremo
1185 1237 1372 1272 visendum
1405 1239 1559 1273 defuncti
1596 1250 1727 1282 corpus
1754 1250 1827 1273 con·

449 1306 485 1334 50
499 1303 629 1327 cursus.
677 1292 803 1327 Elatus
826 1294 880 1326 est
908 1292 1066 1326 humeris
1094 1291 1331 1326 studiosorum
1359 1293 1404 1327 ad
1435 1294 1557 1328 aedem
1582 1293 1825 1335 cathodi-alm,

499 1349 602 1391 atque
624 1347 674 1381 ibi
696 1347 794 1381 iuxta
815 1347 943 1391 gradus
965 1346 1092 1391 quibus
1114 1347 1158 1381 ad
1182 1347 1327 1381 chorum
1349 1347 1401 1390 (vt
1421 1347 1558 1391 vocant)
1572 1348 1777 1383 ascenditur
1792 1348 1826 1382 in

499 1402 642 1437 sinistro
655 1402 781 1446 templi
795 1401 914 1443 latere,
925 1401 986 1435 vbi
1001 1401 1169 1435 sacellum
1184 1401 1253 1435 fuit
1269 1402 1311 1437 D.
1326 1402 1462 1446 Virgini
1477 1413 1624 1445 sacrum,
1640 1402 1827 1438 honorifice

498 1455 666 1499 sepultus.
724 1456 818 1489 Nam
849 1455 888 1488 in
918 1466 1046 1499 pompa
1071 1455 1210 1489 funebri
1236 1467 1308 1490 non
1340 1457 1460 1491 consul
1490 1458 1603 1499 modo,
1631 1457 1696 1492 sed
1724 1457 1829 1492 etiam

498 1522 518 1544 e
531 1509 751 1544 senatoribus
765 1509 921 1553 plerique
936 1509 1162 1552 visebantur3
1184 1511 1379 1544 academiae
1397 1512 1632 1554 professorum
1648 1522 1690 1545 ac
1705 1512 1830 1546 studio·

449 1579 483 1607 55
498 1575 617 1598 sorum
633 1564 750 1598 aberat
764 1575 877 1599 nemo.

544 1617 627 1652 Fuit
648 1618 687 1652 in
708 1618 782 1652 vita
804 1629 914 1662 quum
937 1618 976 1652 in
999 1617 1172 1652 studiosos
1192 1618 1309 1662 inopia
1334 1631 1480 1663 pressos,
1509 1622 1587 1654 tum
1612 1621 1651 1654 in
1677 1623 1830 1656 caeteros

498 1672 655 1706 subsidio
692 1672 826 1716 dignos,
867 1673 1003 1716 quoties
1034 1673 1275 1715 occurrissent,
1307 1674 1496 1708 admodum
1530 1674 1697 1710 liberalis.
1763 1676 1830 1710 Nec

499 1727 664 1761 dissentit
678 1738 700 1761 a
715 1728 878 1761 consueta
900 1727 1112 1770 benignitate
1136 1738 1296 1770 supreme.
1318 1728 1474 1763 hominis
1495 1728 1669 1764 voluntas.
1719 1730 1831 1765 Testa-

499 1783 661 1816 mentum
683 1782 779 1816 enim
808 1782 965 1816 condidit
989 1782 1141 1816 Romani
1170 1783 1353 1817 Pontificis
1380 1783 1578 1825 Clementis,
1611 1784 1707 1829 Imp.
1735 1785 1828 1820 enen.

448 1842 484 1870 6ο
499 1836 615 1871 Caroli
628 1837 720 1880 Aug.
738 1847 778 1870 ac
796 1836 1022 1880 magistratus
1038 1837 1245 1871 Basiliensis
1264 1837 1513 1880 diplomatibus
1527 1838 1697 1881 munitus,
1709 1838 1750 1873 in
1765 1849 1830 1884 quo

499 1891 731 1926 clarissimum
745 1891 864 1925 virum
887 1890 1108 1925 Bonifacium
1128 1891 1404 1926 Amerbachium
1425 1893 1703 1927 iureconsultum
1726 1893 1831 1929 nomi·

499 1947 622 1980 natum
643 1945 829 1980 haeredem
853 1945 935 1980 fidei
961 1945 1147 1980 commisso
1174 1946 1216 1980 de
1240 1945 1343 1980 bonis
1364 1946 1438 1981 suis
1462 1947 1501 1981 in
1526 1958 1694 1991 pauperes
1722 1950 1829 1983 aetate

498 2000 742 2034 valetudineue
771 2000 939 2042 infirmos,
972 2000 1011 2034 in
1044 2000 1179 2044 puellas
1209 2002 1390 2044 nupturas,
1417 2004 1458 2035 vt
1487 2002 1612 2036 harum
1642 2001 1830 2045 pudicitiae

499 2055 727 2096 succurratur,
759 2054 799 2088 in
829 2054 942 2088 bonae
972 2055 1043 2097 spei
1074 2055 1246 2089 studiosos
1275 2055 1523 2099 adulescentes,
1550 2067 1589 2091 ac
1621 2057 1660 2090 in
1690 2057 1832 2101 quomis

449 2114 484 2150 65
499 2107 700 2142 huiusmodi
735 2108 859 2152 dignos
893 2108 1021 2142 auxilio
1059 2109 1308 2144 distribuendis
1346 2110 1622 2155 collocandisque
1658 2111 1828 2153 onai-mit,

499 2161 674 2196 adiunctis
693 2162 806 2197 eidem
826 2162 963 2197 duobus
982 2164 1231 2205 executoribus,
1250 2164 1469 2208 Hieronymo
1490 2164 1663 2200 Frobenio
1678 2165 1830 2201 Nicobu-

499 2227 566 2260 que
582 2216 774 2260 Episcopio.
823 2217 915 2260 Quid
931 2217 996 2251 hoc
1010 2219 1220 2252 testamento
1235 2220 1391 2254 sanctius
1412 2231 1487 2254 esse
1506 2222 1622 2264 potest
1640 2222 1703 2255 aut
1719 2220 1832 2264 magis

499 2271 767 2306 Christianum?
815 2272 891 2306 Alii
917 2273 1157 2321 oonptmendis
1186 2274 1396 2308 ornandisue
1425 2274 1578 2309 basilicis
1607 2286 1673 2309 sua
1703 2275 1830 2316 dicunt,

499 2326 667 2360 Erasmus
682 2326 809 2361 maluit
827 2326 865 2360 in
885 2326 967 2361 viua
994 2326 1059 2361 Dei
1081 2328 1213 2371 templa
1235 2328 1452 2372 superanteis
1474 2340 1496 2363 a
1512 2331 1625 2363 morte
1646 2329 1832 2364 facultates

449 2393 485 2423 70
499 2381 664 2416 conferre.
719 2381 848 2426 Legata
870 2393 972 2425 porro
995 2382 1127 2426 aliquot
1154 2383 1276 2417 amicis
1297 2383 1594 2418 coniunctioribus
1616 2385 1771 2429 reliquit,
1797 2388 1833 2419 at

498 2436 681 2470 haeredem
696 2436 813 2481 ipsum
828 2437 932 2471 certis
956 2437 1164 2481 quibusdam
1179 2437 1281 2472 rebus
1300 2439 1337 2472 τὸ
1361 2441 1417 2472 τοῦ
1431 2440 1657 2484 πηγασωνείου
1677 2440 1833 2486 δόγματος

498 2492 654 2535 τέταρτον,
689 2502 796 2535 quam
826 2491 1113 2527 Trebellianicam
1142 2492 1368 2527 iureconsulti
1398 2493 1502 2527 hodie
1540 2494 1730 2538 appellant,
1762 2506 1832 2530 non

498 2546 726 2590 aequantibus
741 2547 845 2581 iussit
858 2558 933 2581 esse
953 2548 1166 2589 contentum,
1186 2547 1243 2581 cui
1264 2558 1347 2582 sane
1366 2548 1530 2583 voluntas
1545 2549 1637 2583 tanti
1652 2549 1724 2584 viri
1742 2561 1833 2595 prae·

498 2602 648 2645 ceptoris
663 2603 697 2636 et
713 2602 816 2636 amici
831 2602 928 2636 omni
944 2602 1019 2636 iure
1034 2604 1088 2636 est
1104 2602 1286 2645 antiquior.

1006 2707 1053 2733 7ο.
1070 2701 1102 2726 at
1113 2702 1224 2732 scripsi:
1242 2699 1280 2727 ad
1292 2709 1319 2727 α.

851 2781 895 2807 4¹.
914 2772 1152 2809 Tertullianum]
1165 2774 1221 2800 Lib.
1236 2775 1268 2801 de
1280 2776 1418 2808 Patientia,
1432 2782 1459 2808 9.
