<?xml version="1.0" encoding="UTF-8"?>
<!DOCTYPE html PUBLIC "-//W3C//DTD XHTML 1.0 Transitional//EN"
    "http://www.w3.org/TR/xhtml1/DTD/xhtml1-transitional.dtd">
<html xmlns="http://www.w3.org/1999/xhtml" xml:lang="en" lang="en">
 <head>
  <title>
</title>
<meta http-equiv="Content-Type" content="text/html;charset=utf-8" />
  <meta name='ocr-system' content='tesseract 3.04.00' />
  <meta name='ocr-capabilities' content='ocr_page ocr_carea ocr_par ocr_line ocrx_word'/>
</head>
<body>
  <div class='ocr_page' id='page_1' title='image "./opusepistolarum00garrgoog_0594.png"; bbox 0 0 2248 3363; ppageno 0'>
   <div class='ocr_carea' id='block_1_1' title="bbox 586 366 1937 414">
    <p class='ocr_par' dir='ltr' id='par_1_1' title="bbox 586 366 1937 414">
     <span class='ocr_line' id='line_1_1' title="bbox 586 366 1937 414; baseline 0.001 -13"><span class='ocrx_word' id='word_1_1' title='bbox 586 368 652 402; x_wconf 84' lang='lat'><strong>558</strong></span> <span class='ocrx_word' id='word_1_2' title='bbox 976 367 1187 402; x_wconf 70' lang='lat' dir='ltr'>LETTERS</span> <span class='ocrx_word' id='word_1_3' title='bbox 1216 366 1277 401; x_wconf 75' lang='lat' dir='ltr'><strong>oF</strong></span> <span class='ocrx_word' id='word_1_4' title='bbox 1306 366 1532 402; x_wconf 73' lang='lat' dir='ltr'>ERASMUS</span> <span class='ocrx_word' id='word_1_5' title='bbox 1849 366 1937 414; x_wconf 69' lang='lat'>[15¹⁴</span> 
     </span>
    </p>
   </div>
   <div class='ocr_carea' id='block_1_2' title="bbox 534 452 1947 2406">
    <p class='ocr_par' dir='ltr' id='par_1_2' title="bbox 534 452 1947 2406">
     <span class='ocr_line' id='line_1_2' title="bbox 582 452 1938 498; baseline 0 -9"><span class='ocrx_word' id='word_1_6' title='bbox 582 454 797 489; x_wconf 77' lang='lat' dir='ltr'><strong>occasionem</strong></span> <span class='ocrx_word' id='word_1_7' title='bbox 828 454 975 496; x_wconf 82' lang='lat' dir='ltr'><strong>tantam,</strong></span> <span class='ocrx_word' id='word_1_8' title='bbox 1003 453 1088 498; x_wconf 84' lang='lat' dir='ltr'><strong>quin</strong></span> <span class='ocrx_word' id='word_1_9' title='bbox 1122 452 1178 487; x_wconf 84' lang='lat' dir='ltr'><strong>vel</strong></span> <span class='ocrx_word' id='word_1_10' title='bbox 1207 453 1326 497; x_wconf 82' lang='lat' dir='ltr'><strong>paucis</strong></span> <span class='ocrx_word' id='word_1_11' title='bbox 1361 463 1426 497; x_wconf 85' lang='lat' dir='ltr'><strong>pro</strong></span> <span class='ocrx_word' id='word_1_12' title='bbox 1454 453 1638 498; x_wconf 76' lang='lat' dir='ltr'><strong>temporis</strong></span> <span class='ocrx_word' id='word_1_13' title='bbox 1678 455 1858 498; x_wconf 65' lang='lat' dir='ltr'><strong>angusti:</strong></span> <span class='ocrx_word' id='word_1_14' title='bbox 1888 455 1938 489; x_wconf 68' lang='lat' dir='ltr'><strong>fibi</strong></span> 
     </span>
     <span class='ocr_line' id='line_1_3' title="bbox 582 506 1938 554; baseline 0.001 -11"><span class='ocrx_word' id='word_1_15' title='bbox 582 508 778 549; x_wconf 76' lang='lat' dir='ltr'>scriberem,</span> <span class='ocrx_word' id='word_1_16' title='bbox 801 508 974 551; x_wconf 73' lang='lat' dir='ltr'><strong>copiosius</strong></span> <span class='ocrx_word' id='word_1_17' title='bbox 998 511 1077 552; x_wconf 87' lang='lat' dir='ltr'><strong>post</strong></span> <span class='ocrx_word' id='word_1_18' title='bbox 1102 507 1306 552; x_wconf 88' lang='lat' dir='ltr'><strong>scripturus,</strong></span> <span class='ocrx_word' id='word_1_19' title='bbox 1326 506 1388 542; x_wconf 77' lang='lat' dir='ltr'><strong>vbi</strong></span> <span class='ocrx_word' id='word_1_20' title='bbox 1411 507 1541 542; x_wconf 85' lang='lat' dir='ltr'><strong>certior</strong></span> <span class='ocrx_word' id='word_1_21' title='bbox 1561 508 1755 544; x_wconf 77' lang='lat' dir='ltr'><strong>offeretur</strong></span> <span class='ocrx_word' id='word_1_22' title='bbox 1776 509 1842 554; x_wconf 86' lang='lat' dir='ltr'><strong>qui</strong></span> <span class='ocrx_word' id='word_1_23' title='bbox 1863 510 1938 554; x_wconf 78' lang='lat' dir='ltr'><strong>quod</strong></span> 
     </span>
     <span class='ocr_line' id='line_1_4' title="bbox 582 562 921 606; baseline -0.003 -9"><span class='ocrx_word' id='word_1_24' title='bbox 582 563 750 606; x_wconf 73' lang='lat' dir='ltr'>scripsero</span> <span class='ocrx_word' id='word_1_25' title='bbox 765 562 921 605; x_wconf 70' lang='lat' dir='ltr'><strong>perferat-</strong></span> 
     </span>
     <span class='ocr_line' id='line_1_5' title="bbox 627 616 1936 663; baseline 0.003 -13"><span class='ocrx_word' id='word_1_26' title='bbox 627 616 751 651; x_wconf 87' lang='lat' dir='ltr'><strong>Habeo</strong></span> <span class='ocrx_word' id='word_1_27' title='bbox 791 616 906 650; x_wconf 86' lang='lat' dir='ltr'><strong>multo</strong></span> <span class='ocrx_word' id='word_1_28' title='bbox 945 616 1135 650; x_wconf 81' lang='lat' dir='ltr'><strong>maximam</strong></span> <span class='ocrx_word' id='word_1_29' title='bbox 1174 616 1388 650; x_wconf 75' lang='lat' dir='ltr'><strong>humanitati</strong></span> <span class='ocrx_word' id='word_1_30' title='bbox 1425 618 1507 651; x_wconf 83' lang='lat' dir='ltr'><strong>tuae</strong></span> <span class='ocrx_word' id='word_1_31' title='bbox 1551 618 1732 661; x_wconf 73' lang='lat' dir='ltr'><strong>gratiam,</strong></span> <span class='ocrx_word' id='word_1_32' title='bbox 1777 619 1845 663; x_wconf 85' lang='lat' dir='ltr'><strong>qui</strong></span> <span class='ocrx_word' id='word_1_33' title='bbox 1879 630 1936 654; x_wconf 80' lang='lat' dir='ltr'><strong>non</strong></span> 
     </span>
     <span class='ocr_line' id='line_1_6' title="bbox 535 670 1937 718; baseline 0.004 -14"><span class='ocrx_word' id='word_1_34' title='bbox 535 684 570 704; x_wconf 64' lang='grc' dir='ltr'><strong>πο</strong></span> <span class='ocrx_word' id='word_1_35' title='bbox 583 671 754 714; x_wconf 82' lang='lat' dir='ltr'><strong>grauatim</strong></span> <span class='ocrx_word' id='word_1_36' title='bbox 788 670 879 704; x_wconf 89' lang='lat' dir='ltr'><strong>mihi</strong></span> <span class='ocrx_word' id='word_1_37' title='bbox 913 682 981 713; x_wconf 92' lang='lat' dir='ltr'><strong>qua</strong></span> <span class='ocrx_word' id='word_1_38' title='bbox 1016 671 1121 705; x_wconf 77' lang='lat' dir='ltr'><strong>isthic</strong></span> <span class='ocrx_word' id='word_1_39' title='bbox 1157 671 1354 705; x_wconf 81' lang='lat' dir='ltr'><strong>conditione</strong></span> <span class='ocrx_word' id='word_1_40' title='bbox 1388 672 1426 705; x_wconf 90' lang='lat' dir='ltr'><strong>et</strong></span> <span class='ocrx_word' id='word_1_41' title='bbox 1461 682 1522 715; x_wconf 86' lang='lat' dir='ltr'><strong>spe</strong></span> <span class='ocrx_word' id='word_1_42' title='bbox 1558 672 1686 715; x_wconf 68' lang='lat' dir='ltr'><strong>vinae,</strong></span> <span class='ocrx_word' id='word_1_43' title='bbox 1719 673 1882 718; x_wconf 86' lang='lat' dir='ltr'><strong>quidque</strong></span> <span class='ocrx_word' id='word_1_44' title='bbox 1907 674 1937 708; x_wconf 82' lang='lat' dir='ltr'><strong>in</strong></span> 
     </span>
     <span class='ocr_line' id='line_1_7' title="bbox 583 725 1935 769; baseline 0.003 -10"><span class='ocrx_word' id='word_1_45' title='bbox 583 725 711 759; x_wconf 84' lang='lat' dir='ltr'><strong>studiis</strong></span> <span class='ocrx_word' id='word_1_46' title='bbox 743 736 930 769; x_wconf 84' lang='lat' dir='ltr'><strong>componas</strong></span> <span class='ocrx_word' id='word_1_47' title='bbox 962 726 1118 769; x_wconf 86' lang='lat' dir='ltr'><strong>quotidie</strong></span> <span class='ocrx_word' id='word_1_48' title='bbox 1152 725 1247 767; x_wconf 86' lang='lat' dir='ltr'><strong>noui,</strong></span> <span class='ocrx_word' id='word_1_49' title='bbox 1279 725 1496 769; x_wconf 77' lang='lat' dir='ltr'><strong>significaris.</strong></span> <span class='ocrx_word' id='word_1_50' title='bbox 1542 726 1825 763; x_wconf 79' lang='lat' dir='ltr'><strong>Gratissimum</strong></span> <span class='ocrx_word' id='word_1_51' title='bbox 1858 729 1935 763; x_wconf 83' lang='lat' dir='ltr'><strong>enim</strong></span> 
     </span>
     <span class='ocr_line' id='line_1_8' title="bbox 583 779 1937 827; baseline 0.004 -13"><span class='ocrx_word' id='word_1_52' title='bbox 583 782 619 814; x_wconf 90' lang='lat' dir='ltr'><strong>et</strong></span> <span class='ocrx_word' id='word_1_53' title='bbox 648 779 940 814; x_wconf 87' lang='lat' dir='ltr'><strong>iucundissimum</strong></span> <span class='ocrx_word' id='word_1_54' title='bbox 969 779 1059 814; x_wconf 89' lang='lat' dir='ltr'><strong>mihi</strong></span> <span class='ocrx_word' id='word_1_55' title='bbox 1097 781 1151 814; x_wconf 85' lang='lat' dir='ltr'><strong>est</strong></span> <span class='ocrx_word' id='word_1_56' title='bbox 1187 779 1309 814; x_wconf 83' lang='lat' dir='ltr'><strong>audire</strong></span> <span class='ocrx_word' id='word_1_57' title='bbox 1339 780 1383 814; x_wconf 89' lang='lat' dir='ltr'><strong>de</strong></span> <span class='ocrx_word' id='word_1_58' title='bbox 1418 781 1480 814; x_wconf 82' lang='lat' dir='ltr'><strong>tua</strong></span> <span class='ocrx_word' id='word_1_59' title='bbox 1515 779 1612 815; x_wconf 84' lang='lat' dir='ltr'><strong>bona</strong></span> <span class='ocrx_word' id='word_1_60' title='bbox 1648 782 1879 827; x_wconf 76' lang='lat' dir='ltr'><strong>valetudine,</strong></span> <span class='ocrx_word' id='word_1_61' title='bbox 1905 783 1937 818; x_wconf 73' lang='lat' dir='ltr'><strong>do</strong></span> 
     </span>
     <span class='ocr_line' id='line_1_9' title="bbox 586 834 1936 881; baseline 0.003 -13"><span class='ocrx_word' id='word_1_62' title='bbox 586 845 701 869; x_wconf 86' lang='lat' dir='ltr'><strong>rerum</strong></span> <span class='ocrx_word' id='word_1_63' title='bbox 736 836 877 868; x_wconf 81' lang='lat' dir='ltr'><strong>tuarum</strong></span> <span class='ocrx_word' id='word_1_64' title='bbox 915 845 1077 878; x_wconf 88' lang='lat' dir='ltr'><strong>prospero</strong></span> <span class='ocrx_word' id='word_1_65' title='bbox 1115 844 1275 868; x_wconf 86' lang='lat' dir='ltr'><strong>successu</strong></span> <span class='ocrx_word' id='word_1_66' title='bbox 1313 835 1424 878; x_wconf 82' lang='lat' dir='ltr'><strong>deque</strong></span> <span class='ocrx_word' id='word_1_67' title='bbox 1462 834 1630 879; x_wconf 83' lang='lat' dir='ltr'><strong>operibus</strong></span> <span class='ocrx_word' id='word_1_68' title='bbox 1670 847 1775 881; x_wconf 74' lang='lat' dir='ltr'><strong>quae</strong></span> <span class='ocrx_word' id='word_1_69' title='bbox 1812 848 1857 871; x_wconf 83' lang='lat' dir='ltr'><strong>ex</strong></span> <span class='ocrx_word' id='word_1_70' title='bbox 1891 839 1936 872; x_wconf 76' lang='lat' dir='ltr'><strong>tu</strong></span> 
     </span>
     <span class='ocr_line' id='line_1_10' title="bbox 584 888 1935 933; baseline 0.004 -10"><span class='ocrx_word' id='word_1_71' title='bbox 584 888 721 923; x_wconf 83' lang='lat' dir='ltr'><strong>officina</strong></span> <span class='ocrx_word' id='word_1_72' title='bbox 761 888 973 923; x_wconf 88' lang='lat' dir='ltr'><strong>emittuntur</strong></span> <span class='ocrx_word' id='word_1_73' title='bbox 1014 889 1171 932; x_wconf 86' lang='lat' dir='ltr'><strong>quotidie</strong></span> <span class='ocrx_word' id='word_1_74' title='bbox 1220 890 1255 923; x_wconf 86' lang='lat' dir='ltr'><strong>et</strong></span> <span class='ocrx_word' id='word_1_75' title='bbox 1295 888 1466 933; x_wconf 79' lang='lat' dir='ltr'><strong>singulari</strong></span> <span class='ocrx_word' id='word_1_76' title='bbox 1505 890 1679 925; x_wconf 86' lang='lat' dir='ltr'><strong>omnium</strong></span> <span class='ocrx_word' id='word_1_77' title='bbox 1723 893 1935 928; x_wconf 82' lang='lat' dir='ltr'><strong>eruditorum</strong></span> 
     </span>
     <span class='ocr_line' id='line_1_11' title="bbox 536 942 1937 989; baseline 0.004 -13"><span class='ocrx_word' id='word_1_78' title='bbox 536 953 569 981; x_wconf 85' lang='lat'><strong>²5</strong></span> <span class='ocrx_word' id='word_1_79' title='bbox 583 942 813 987; x_wconf 73' lang='lat' dir='ltr'><strong>gratulatione</strong></span> <span class='ocrx_word' id='word_1_80' title='bbox 833 944 869 977; x_wconf 90' lang='lat' dir='ltr'><strong>et</strong></span> <span class='ocrx_word' id='word_1_81' title='bbox 893 943 1121 977; x_wconf 72' lang='lat' dir='ltr'><strong>admiratione</strong></span> <span class='ocrx_word' id='word_1_82' title='bbox 1145 943 1374 987; x_wconf 84' lang='lat' dir='ltr'><strong>excipiuntur,</strong></span> <span class='ocrx_word' id='word_1_83' title='bbox 1399 943 1473 977; x_wconf 86' lang='lat' dir='ltr'><strong>siue</strong></span> <span class='ocrx_word' id='word_1_84' title='bbox 1497 945 1536 978; x_wconf 93' lang='lat' dir='ltr'><strong>tu</strong></span> <span class='ocrx_word' id='word_1_85' title='bbox 1562 955 1609 978; x_wconf 85' lang='lat' dir='ltr'><strong>ex</strong></span> <span class='ocrx_word' id='word_1_86' title='bbox 1636 946 1807 989; x_wconf 80' lang='lat' dir='ltr'><strong>optimis</strong></span> <span class='ocrx_word' id='word_1_87' title='bbox 1834 947 1937 982; x_wconf 63' lang='lat' dir='ltr'><strong>Greek</strong></span> 
     </span>
     <span class='ocr_line' id='line_1_12' title="bbox 585 996 1936 1042; baseline 0.004 -10"><span class='ocrx_word' id='word_1_88' title='bbox 585 998 711 1032; x_wconf 83' lang='lat' dir='ltr'><strong>Latina</strong></span> <span class='ocrx_word' id='word_1_89' title='bbox 734 997 840 1031; x_wconf 80' lang='lat' dir='ltr'><strong>facias</strong></span> <span class='ocrx_word' id='word_1_90' title='bbox 864 996 988 1031; x_wconf 88' lang='lat' dir='ltr'><strong>itidem</strong></span> <span class='ocrx_word' id='word_1_91' title='bbox 1015 996 1156 1041; x_wconf 82' lang='lat' dir='ltr'><strong>optima,</strong></span> <span class='ocrx_word' id='word_1_92' title='bbox 1181 996 1258 1031; x_wconf 89' lang='lat' dir='ltr'><strong>siue</strong></span> <span class='ocrx_word' id='word_1_93' title='bbox 1285 1009 1381 1032; x_wconf 84' lang='lat' dir='ltr'><strong>sacra</strong></span> <span class='ocrx_word' id='word_1_94' title='bbox 1405 999 1531 1032; x_wconf 82' lang='lat' dir='ltr'><strong>tractes</strong></span> <span class='ocrx_word' id='word_1_95' title='bbox 1556 999 1801 1042; x_wconf 73' lang='lat' dir='ltr'><strong>professione</strong></span> <span class='ocrx_word' id='word_1_96' title='bbox 1830 1002 1894 1036; x_wconf 62' lang='lat' dir='ltr'><strong>ish</strong></span> <span class='ocrx_word' id='word_1_97' title='bbox 1909 1004 1936 1035; x_wconf 76' lang='lat' dir='ltr'><strong>et</strong></span> 
     </span>
     <span class='ocr_line' id='line_1_13' title="bbox 583 1051 1936 1099; baseline 0.004 -13"><span class='ocrx_word' id='word_1_98' title='bbox 583 1053 741 1086; x_wconf 79' lang='lat' dir='ltr'><strong>doctrina</strong></span> <span class='ocrx_word' id='word_1_99' title='bbox 767 1051 935 1096; x_wconf 75' lang='lat' dir='ltr'><strong>singulari</strong></span> <span class='ocrx_word' id='word_1_100' title='bbox 957 1051 997 1085; x_wconf 89' lang='lat' dir='ltr'><strong>in</strong></span> <span class='ocrx_word' id='word_1_101' title='bbox 1023 1052 1145 1095; x_wconf 85' lang='lat' dir='ltr'><strong>primis</strong></span> <span class='ocrx_word' id='word_1_102' title='bbox 1169 1051 1285 1095; x_wconf 79' lang='lat' dir='ltr'><strong>digna,</strong></span> <span class='ocrx_word' id='word_1_103' title='bbox 1311 1053 1387 1087; x_wconf 88' lang='lat' dir='ltr'><strong>siue</strong></span> <span class='ocrx_word' id='word_1_104' title='bbox 1410 1052 1449 1086; x_wconf 91' lang='lat' dir='ltr'><strong>in</strong></span> <span class='ocrx_word' id='word_1_105' title='bbox 1471 1053 1673 1096; x_wconf 74' lang='lat' dir='ltr'><strong>prophanis</strong></span> <span class='ocrx_word' id='word_1_106' title='bbox 1700 1058 1873 1099; x_wconf 80' lang='lat' dir='ltr'><strong>verseris,</strong></span> <span class='ocrx_word' id='word_1_107' title='bbox 1895 1056 1936 1091; x_wconf 76' lang='lat' dir='ltr'><strong>vti</strong></span> 
     </span>
     <span class='ocr_line' id='line_1_14' title="bbox 584 1106 1935 1151; baseline 0.004 -10"><span class='ocrx_word' id='word_1_108' title='bbox 584 1108 784 1151; x_wconf 81' lang='lat' dir='ltr'><strong>grauiorum</strong></span> <span class='ocrx_word' id='word_1_109' title='bbox 809 1106 1008 1141; x_wconf 87' lang='lat' dir='ltr'><strong>studiorum</strong></span> <span class='ocrx_word' id='word_1_110' title='bbox 1035 1106 1168 1141; x_wconf 85' lang='lat' dir='ltr'><strong>labores</strong></span> <span class='ocrx_word' id='word_1_111' title='bbox 1197 1110 1232 1141; x_wconf 90' lang='lat' dir='ltr'><strong>et</strong></span> <span class='ocrx_word' id='word_1_112' title='bbox 1265 1108 1379 1142; x_wconf 83' lang='lat' dir='ltr'><strong>taedia</strong></span> <span class='ocrx_word' id='word_1_113' title='bbox 1403 1107 1471 1141; x_wconf 86' lang='lat' dir='ltr'><strong>hoc</strong></span> <span class='ocrx_word' id='word_1_114' title='bbox 1496 1106 1611 1142; x_wconf 83' lang='lat' dir='ltr'><strong>veluti</strong></span> <span class='ocrx_word' id='word_1_115' title='bbox 1638 1110 1783 1146; x_wconf 75' lang='lat' dir='ltr'><strong>solatio</strong></span> <span class='ocrx_word' id='word_1_116' title='bbox 1806 1112 1935 1147; x_wconf 60' lang='lat' dir='ltr'><strong>interim</strong></span> 
     </span>
     <span class='ocr_line' id='line_1_15' title="bbox 584 1160 1936 1210; baseline 0.005 -15"><span class='ocrx_word' id='word_1_117' title='bbox 584 1161 674 1195; x_wconf 75' lang='lat' dir='ltr'><strong>feras</strong></span> <span class='ocrx_word' id='word_1_118' title='bbox 699 1160 844 1195; x_wconf 79' lang='lat' dir='ltr'><strong>facilius.</strong></span> <span class='ocrx_word' id='word_1_119' title='bbox 903 1160 1002 1195; x_wconf 84' lang='lat' dir='ltr'><strong>Nihil</strong></span> <span class='ocrx_word' id='word_1_120' title='bbox 1035 1163 1153 1195; x_wconf 84' lang='lat' dir='ltr'><strong>autem</strong></span> <span class='ocrx_word' id='word_1_121' title='bbox 1187 1162 1241 1195; x_wconf 88' lang='lat' dir='ltr'><strong>est</strong></span> <span class='ocrx_word' id='word_1_122' title='bbox 1273 1161 1365 1205; x_wconf 86' lang='lat' dir='ltr'><strong>quod</strong></span> <span class='ocrx_word' id='word_1_123' title='bbox 1401 1162 1492 1196; x_wconf 88' lang='lat' dir='ltr'><strong>mihi</strong></span> <span class='ocrx_word' id='word_1_124' title='bbox 1521 1162 1687 1198; x_wconf 81' lang='lat' dir='ltr'><strong>accidere</strong></span> <span class='ocrx_word' id='word_1_125' title='bbox 1726 1167 1850 1210; x_wconf 58' lang='lat' dir='ltr'><strong>ponit</strong></span> <span class='ocrx_word' id='word_1_126' title='bbox 1884 1167 1936 1201; x_wconf 79' lang='lat' dir='ltr'><strong>11oe</strong></span> 
     </span>
     <span class='ocr_line' id='line_1_16' title="bbox 536 1214 1935 1263; baseline 0.007 -17"><span class='ocrx_word' id='word_1_127' title='bbox 536 1226 571 1253; x_wconf 82' lang='lat'><strong>30</strong></span> <span class='ocrx_word' id='word_1_128' title='bbox 585 1216 741 1258; x_wconf 86' lang='lat' dir='ltr'><strong>tempore</strong></span> <span class='ocrx_word' id='word_1_129' title='bbox 765 1214 898 1258; x_wconf 83' lang='lat' dir='ltr'><strong>gratius</strong></span> <span class='ocrx_word' id='word_1_130' title='bbox 923 1226 1029 1259; x_wconf 88' lang='lat' dir='ltr'><strong>quam</strong></span> <span class='ocrx_word' id='word_1_131' title='bbox 1055 1215 1087 1250; x_wconf 91' lang='lat' dir='ltr'><strong>si</strong></span> <span class='ocrx_word' id='word_1_132' title='bbox 1110 1215 1195 1259; x_wconf 84' lang='lat' dir='ltr'><strong>quid</strong></span> <span class='ocrx_word' id='word_1_133' title='bbox 1219 1226 1339 1250; x_wconf 90' lang='lat' dir='ltr'><strong>eorum</strong></span> <span class='ocrx_word' id='word_1_134' title='bbox 1371 1215 1523 1260; x_wconf 84' lang='lat' dir='ltr'><strong>accipere</strong></span> <span class='ocrx_word' id='word_1_135' title='bbox 1545 1217 1690 1260; x_wconf 85' lang='lat' dir='ltr'><strong>possim</strong></span> <span class='ocrx_word' id='word_1_136' title='bbox 1719 1231 1820 1263; x_wconf 82' lang='lat' dir='ltr'><strong>quae</strong></span> <span class='ocrx_word' id='word_1_137' title='bbox 1847 1222 1886 1255; x_wconf 82' lang='lat' dir='ltr'><strong>tu</strong></span> <span class='ocrx_word' id='word_1_138' title='bbox 1907 1221 1935 1255; x_wconf 81' lang='lat' dir='ltr'><strong>in</strong></span> 
     </span>
     <span class='ocr_line' id='line_1_17' title="bbox 586 1269 1935 1320; baseline 0.006 -17"><span class='ocrx_word' id='word_1_139' title='bbox 586 1269 677 1303; x_wconf 82' lang='lat' dir='ltr'><strong>Noui</strong></span> <span class='ocrx_word' id='word_1_140' title='bbox 699 1270 915 1303; x_wconf 71' lang='lat' dir='ltr'><strong>Testamenti</strong></span> <span class='ocrx_word' id='word_1_141' title='bbox 941 1270 1202 1314; x_wconf 73' lang='lat' dir='ltr'><strong>castigationem</strong></span> <span class='ocrx_word' id='word_1_142' title='bbox 1225 1270 1282 1304; x_wconf 82' lang='lat' dir='ltr'><strong>vel</strong></span> <span class='ocrx_word' id='word_1_143' title='bbox 1307 1270 1346 1304; x_wconf 90' lang='lat' dir='ltr'><strong>in</strong></span> <span class='ocrx_word' id='word_1_144' title='bbox 1370 1271 1750 1314; x_wconf 69' lang='lat' dir='ltr'><strong>Hieronymianamm</strong></span> <span class='ocrx_word' id='word_1_145' title='bbox 1781 1276 1935 1320; x_wconf 68' lang='lat' dir='ltr'><strong>Epistol:-</strong></span> 
     </span>
     <span class='ocr_line' id='line_1_18' title="bbox 585 1323 1935 1371; baseline 0.006 -14"><span class='ocrx_word' id='word_1_146' title='bbox 585 1334 666 1357; x_wconf 88' lang='lat' dir='ltr'><strong>rum</strong></span> <span class='ocrx_word' id='word_1_147' title='bbox 689 1323 957 1358; x_wconf 76' lang='lat' dir='ltr'><strong>elucidationem</strong></span> <span class='ocrx_word' id='word_1_148' title='bbox 980 1324 1156 1367; x_wconf 73' lang='lat' dir='ltr'><strong>scripsisti.</strong></span> <span class='ocrx_word' id='word_1_149' title='bbox 1215 1325 1457 1359; x_wconf 85' lang='lat' dir='ltr'><strong>Renumerabo</strong></span> <span class='ocrx_word' id='word_1_150' title='bbox 1483 1324 1598 1359; x_wconf 83' lang='lat' dir='ltr'><strong>libens</strong></span> <span class='ocrx_word' id='word_1_151' title='bbox 1621 1330 1856 1371; x_wconf 72' lang='lat' dir='ltr'><strong>mercedem,</strong></span> <span class='ocrx_word' id='word_1_152' title='bbox 1878 1341 1935 1364; x_wconf 76' lang='lat' dir='ltr'><strong>mu</strong></span> 
     </span>
     <span class='ocr_line' id='line_1_19' title="bbox 585 1378 1936 1425; baseline 0.004 -14"><span class='ocrx_word' id='word_1_153' title='bbox 585 1378 663 1412; x_wconf 89' lang='lat' dir='ltr'><strong>dico</strong></span> <span class='ocrx_word' id='word_1_154' title='bbox 693 1378 835 1422; x_wconf 80' lang='lat' dir='ltr'><strong>dignam</strong></span> <span class='ocrx_word' id='word_1_155' title='bbox 863 1378 967 1422; x_wconf 88' lang='lat' dir='ltr'><strong>(quod</strong></span> <span class='ocrx_word' id='word_1_156' title='bbox 1000 1379 1096 1412; x_wconf 90' lang='lat' dir='ltr'><strong>enim</strong></span> <span class='ocrx_word' id='word_1_157' title='bbox 1127 1379 1211 1412; x_wconf 87' lang='lat' dir='ltr'><strong>satis</strong></span> <span class='ocrx_word' id='word_1_158' title='bbox 1243 1379 1390 1423; x_wconf 86' lang='lat' dir='ltr'><strong>dignum</strong></span> <span class='ocrx_word' id='word_1_159' title='bbox 1419 1380 1622 1414; x_wconf 85' lang='lat' dir='ltr'><strong>istiusmodi</strong></span> <span class='ocrx_word' id='word_1_160' title='bbox 1653 1383 1936 1425; x_wconf 68' lang='lat' dir='ltr'><strong>preciosissima·</strong></span> 
     </span>
     <span class='ocr_line' id='line_1_20' title="bbox 585 1433 1936 1484; baseline 0.004 -18"><span class='ocrx_word' id='word_1_161' title='bbox 585 1433 710 1467; x_wconf 84' lang='lat' dir='ltr'><strong>mercis</strong></span> <span class='ocrx_word' id='word_1_162' title='bbox 734 1433 925 1477; x_wconf 75' lang='lat' dir='ltr'><strong>precium?)</strong></span> <span class='ocrx_word' id='word_1_163' title='bbox 950 1433 1010 1467; x_wconf 88' lang='lat' dir='ltr'><strong>sed</strong></span> <span class='ocrx_word' id='word_1_164' title='bbox 1034 1444 1139 1476; x_wconf 87' lang='lat' dir='ltr'><strong>quam</strong></span> <span class='ocrx_word' id='word_1_165' title='bbox 1162 1433 1303 1468; x_wconf 84' lang='lat' dir='ltr'><strong>aliunde</strong></span> <span class='ocrx_word' id='word_1_166' title='bbox 1326 1434 1479 1477; x_wconf 82' lang='lat' dir='ltr'><strong>accipere</strong></span> <span class='ocrx_word' id='word_1_167' title='bbox 1503 1435 1640 1477; x_wconf 83' lang='lat' dir='ltr'><strong>possis:</strong></span> <span class='ocrx_word' id='word_1_168' title='bbox 1669 1438 1782 1481; x_wconf 84' lang='lat' dir='ltr'><strong>quod</strong></span> <span class='ocrx_word' id='word_1_169' title='bbox 1806 1440 1936 1484; x_wconf 75' lang='lat' dir='ltr'><strong>quidm</strong></span> 
     </span>
     <span class='ocr_line' id='line_1_21' title="bbox 537 1487 1934 1538; baseline 0.007 -18"><span class='ocrx_word' id='word_1_170' title='bbox 537 1498 570 1528; x_wconf 80' lang='lat'><strong>³⁵</strong></span> <span class='ocrx_word' id='word_1_171' title='bbox 583 1487 690 1521; x_wconf 78' lang='lat' dir='ltr'><strong>fuerit</strong></span> <span class='ocrx_word' id='word_1_172' title='bbox 716 1488 863 1522; x_wconf 88' lang='lat' dir='ltr'><strong>minime</strong></span> <span class='ocrx_word' id='word_1_173' title='bbox 886 1487 1033 1529; x_wconf 87' lang='lat' dir='ltr'><strong>difficile,</strong></span> <span class='ocrx_word' id='word_1_174' title='bbox 1061 1488 1092 1521; x_wconf 91' lang='lat' dir='ltr'><strong>si</strong></span> <span class='ocrx_word' id='word_1_175' title='bbox 1123 1488 1193 1522; x_wconf 89' lang='lat' dir='ltr'><strong>iam</strong></span> <span class='ocrx_word' id='word_1_176' title='bbox 1219 1488 1286 1522; x_wconf 89' lang='lat' dir='ltr'><strong>hae</strong></span> <span class='ocrx_word' id='word_1_177' title='bbox 1312 1491 1391 1523; x_wconf 85' lang='lat' dir='ltr'><strong>tuae</strong></span> <span class='ocrx_word' id='word_1_178' title='bbox 1420 1490 1669 1525; x_wconf 83' lang='lat' dir='ltr'><strong>annotationes</strong></span> <span class='ocrx_word' id='word_1_179' title='bbox 1706 1503 1780 1528; x_wconf 85' lang='lat' dir='ltr'><strong>seu</strong></span> <span class='ocrx_word' id='word_1_180' title='bbox 1809 1495 1934 1538; x_wconf 71' lang='lat' dir='ltr'><strong>castiga-</strong></span> 
     </span>
     <span class='ocr_line' id='line_1_22' title="bbox 584 1543 1935 1593; baseline 0.004 -18"><span class='ocrx_word' id='word_1_181' title='bbox 584 1544 699 1576; x_wconf 87' lang='lat' dir='ltr'><strong>tiones</strong></span> <span class='ocrx_word' id='word_1_182' title='bbox 737 1543 959 1577; x_wconf 86' lang='lat' dir='ltr'><strong>excusoribus</strong></span> <span class='ocrx_word' id='word_1_183' title='bbox 996 1543 1069 1576; x_wconf 88' lang='lat' dir='ltr'><strong>sint</strong></span> <span class='ocrx_word' id='word_1_184' title='bbox 1106 1543 1320 1577; x_wconf 85' lang='lat' dir='ltr'><strong>commissae.</strong></span> <span class='ocrx_word' id='word_1_185' title='bbox 1385 1543 1539 1578; x_wconf 86' lang='lat' dir='ltr'><strong>Donauit</strong></span> <span class='ocrx_word' id='word_1_186' title='bbox 1576 1544 1673 1579; x_wconf 84' lang='lat' dir='ltr'><strong>mihi</strong></span> <span class='ocrx_word' id='word_1_187' title='bbox 1714 1549 1935 1593; x_wconf 64' lang='lat' dir='ltr'><strong>Augustiana</strong></span> 
     </span>
     <span class='ocr_line' id='line_1_23' title="bbox 585 1596 1935 1640; baseline 0.005 -11"><span class='ocrx_word' id='word_1_188' title='bbox 585 1598 726 1640; x_wconf 84' lang='lat' dir='ltr'><strong>Aggeus</strong></span> <span class='ocrx_word' id='word_1_189' title='bbox 750 1607 870 1630; x_wconf 85' lang='lat' dir='ltr'><strong>recens</strong></span> <span class='ocrx_word' id='word_1_190' title='bbox 896 1599 974 1630; x_wconf 85' lang='lat' dir='ltr'><strong>tum</strong></span> <span class='ocrx_word' id='word_1_191' title='bbox 1001 1596 1210 1640; x_wconf 87' lang='lat' dir='ltr'><strong>impressum</strong></span> <span class='ocrx_word' id='word_1_192' title='bbox 1233 1597 1416 1632; x_wconf 80' lang='lat' dir='ltr'><strong>Plutarchi</strong></span> <span class='ocrx_word' id='word_1_193' title='bbox 1445 1598 1575 1632; x_wconf 89' lang='lat' dir='ltr'><strong>librum</strong></span> <span class='ocrx_word' id='word_1_194' title='bbox 1602 1599 1660 1633; x_wconf 90' lang='lat' dir='ltr'><strong>De</strong></span> <span class='ocrx_word' id='word_1_195' title='bbox 1686 1603 1839 1639; x_wconf 61' lang='lat' dir='ltr'><strong>tuenda</strong></span> <span class='ocrx_word' id='word_1_196' title='bbox 1861 1604 1935 1640; x_wconf 75' lang='lat' dir='ltr'><strong>bom</strong></span> 
     </span>
     <span class='ocr_line' id='line_1_24' title="bbox 585 1649 1936 1704; baseline 0.004 -21"><span class='ocrx_word' id='word_1_197' title='bbox 585 1649 793 1684; x_wconf 81' lang='lat' dir='ltr'><strong>valetudine.</strong></span> <span class='ocrx_word' id='word_1_198' title='bbox 861 1651 900 1685; x_wconf 88' lang='lat' dir='ltr'><strong>Is</strong></span> <span class='ocrx_word' id='word_1_199' title='bbox 926 1662 1047 1695; x_wconf 88' lang='lat' dir='ltr'><strong>nuper,</strong></span> <span class='ocrx_word' id='word_1_200' title='bbox 1075 1654 1113 1685; x_wconf 88' lang='lat' dir='ltr'><strong>vt</strong></span> <span class='ocrx_word' id='word_1_201' title='bbox 1139 1652 1257 1686; x_wconf 89' lang='lat' dir='ltr'><strong>omnia</strong></span> <span class='ocrx_word' id='word_1_202' title='bbox 1282 1654 1344 1686; x_wconf 86' lang='lat' dir='ltr'><strong>tua</strong></span> <span class='ocrx_word' id='word_1_203' title='bbox 1371 1653 1568 1696; x_wconf 84' lang='lat' dir='ltr'><strong>plausibilia</strong></span> <span class='ocrx_word' id='word_1_204' title='bbox 1590 1656 1683 1689; x_wconf 86' lang='lat' dir='ltr'><strong>sunt</strong></span> <span class='ocrx_word' id='word_1_205' title='bbox 1706 1656 1846 1701; x_wconf 66' lang='lat' dir='ltr'><strong>doctis,</strong></span> <span class='ocrx_word' id='word_1_206' title='bbox 1871 1661 1936 1704; x_wconf 66' lang='lat' dir='ltr'><strong>qui.</strong></span> 
     </span>
     <span class='ocr_line' id='line_1_25' title="bbox 585 1705 1442 1748; baseline 0.004 -10"><span class='ocrx_word' id='word_1_207' title='bbox 585 1715 606 1738; x_wconf 81' lang='lat' dir='ltr'><strong>a</strong></span> <span class='ocrx_word' id='word_1_208' title='bbox 621 1706 656 1738; x_wconf 83' lang='lat' dir='ltr'><strong>te</strong></span> <span class='ocrx_word' id='word_1_209' title='bbox 673 1705 864 1739; x_wconf 84' lang='lat' dir='ltr'><strong>Latinitate</strong></span> <span class='ocrx_word' id='word_1_210' title='bbox 878 1705 1035 1748; x_wconf 88' lang='lat' dir='ltr'><strong>donatus,</strong></span> <span class='ocrx_word' id='word_1_211' title='bbox 1055 1705 1202 1740; x_wconf 87' lang='lat' dir='ltr'><strong>Louanii</strong></span> <span class='ocrx_word' id='word_1_212' title='bbox 1218 1718 1364 1742; x_wconf 84' lang='lat' dir='ltr'><strong>excusus</strong></span> <span class='ocrx_word' id='word_1_213' title='bbox 1379 1709 1442 1741; x_wconf 84' lang='lat' dir='ltr'><strong>est.</strong></span> 
     </span>
     <span class='ocr_line' id='line_1_26' title="bbox 534 1760 1935 1805; baseline 0.005 -12"><span class='ocrx_word' id='word_1_214' title='bbox 534 1772 571 1800; x_wconf 84' lang='grc' dir='ltr'><strong>4ο</strong></span> <span class='ocrx_word' id='word_1_215' title='bbox 630 1760 794 1795; x_wconf 85' lang='lat' dir='ltr'><strong>Ceterum</strong></span> <span class='ocrx_word' id='word_1_216' title='bbox 813 1760 857 1794; x_wconf 88' lang='lat' dir='ltr'><strong>de</strong></span> <span class='ocrx_word' id='word_1_217' title='bbox 879 1771 958 1795; x_wconf 88' lang='lat' dir='ltr'><strong>mea</strong></span> <span class='ocrx_word' id='word_1_218' title='bbox 978 1760 1180 1795; x_wconf 80' lang='lat' dir='ltr'><strong>valetudine</strong></span> <span class='ocrx_word' id='word_1_219' title='bbox 1202 1761 1316 1805; x_wconf 77' lang='lat' dir='ltr'><strong>accipe</strong></span> <span class='ocrx_word' id='word_1_220' title='bbox 1336 1773 1451 1805; x_wconf 88' lang='lat' dir='ltr'><strong>pauca,</strong></span> <span class='ocrx_word' id='word_1_221' title='bbox 1468 1773 1509 1796; x_wconf 86' lang='lat' dir='ltr'><strong>ea</strong></span> <span class='ocrx_word' id='word_1_222' title='bbox 1528 1773 1617 1805; x_wconf 86' lang='lat' dir='ltr'><strong>quae</strong></span> <span class='ocrx_word' id='word_1_223' title='bbox 1639 1764 1716 1799; x_wconf 88' lang='lat' dir='ltr'><strong>tibi</strong></span> <span class='ocrx_word' id='word_1_224' title='bbox 1739 1772 1859 1804; x_wconf 78' lang='lat' dir='ltr'><strong>erunt</strong></span> <span class='ocrx_word' id='word_1_225' title='bbox 1879 1780 1935 1804; x_wconf 83' lang='lat' dir='ltr'><strong>non</strong></span> 
     </span>
     <span class='ocr_line' id='line_1_27' title="bbox 584 1815 1936 1869; baseline 0.002 -20"><span class='ocrx_word' id='word_1_226' title='bbox 584 1815 794 1857; x_wconf 82' lang='lat' dir='ltr'><strong>iniucunda;</strong></span> <span class='ocrx_word' id='word_1_227' title='bbox 826 1815 962 1849; x_wconf 86' lang='lat' dir='ltr'><strong>vtinam</strong></span> <span class='ocrx_word' id='word_1_228' title='bbox 989 1816 1094 1849; x_wconf 82' lang='lat' dir='ltr'><strong>etiam</strong></span> <span class='ocrx_word' id='word_1_229' title='bbox 1121 1816 1257 1859; x_wconf 84' lang='lat' dir='ltr'><strong>possint</strong></span> <span class='ocrx_word' id='word_1_230' title='bbox 1283 1827 1359 1850; x_wconf 88' lang='lat' dir='ltr'><strong>esse</strong></span> <span class='ocrx_word' id='word_1_231' title='bbox 1386 1817 1494 1857; x_wconf 87' lang='lat' dir='ltr'><strong>vtilia,</strong></span> <span class='ocrx_word' id='word_1_232' title='bbox 1520 1818 1560 1850; x_wconf 82' lang='lat' dir='ltr'><strong>vt</strong></span> <span class='ocrx_word' id='word_1_233' title='bbox 1589 1828 1652 1851; x_wconf 84' lang='lat' dir='ltr'><strong>me</strong></span> <span class='ocrx_word' id='word_1_234' title='bbox 1679 1820 1815 1867; x_wconf 60' lang='lat' dir='ltr'><strong>facias,</strong></span> <span class='ocrx_word' id='word_1_235' title='bbox 1843 1836 1936 1869; x_wconf 70' lang='lat' dir='ltr'><strong>quum</strong></span> 
     </span>
     <span class='ocr_line' id='line_1_28' title="bbox 584 1870 1938 1914; baseline 0.003 -11"><span class='ocrx_word' id='word_1_236' title='bbox 584 1870 738 1912; x_wconf 90' lang='lat' dir='ltr'><strong>primum</strong></span> <span class='ocrx_word' id='word_1_237' title='bbox 772 1871 871 1912; x_wconf 87' lang='lat' dir='ltr'><strong>potes</strong></span> <span class='ocrx_word' id='word_1_238' title='bbox 902 1881 964 1913; x_wconf 88' lang='lat' dir='ltr'><strong>per</strong></span> <span class='ocrx_word' id='word_1_239' title='bbox 994 1870 1110 1904; x_wconf 84' lang='lat' dir='ltr'><strong>ocium</strong></span> <span class='ocrx_word' id='word_1_240' title='bbox 1141 1873 1177 1904; x_wconf 90' lang='lat' dir='ltr'><strong>et</strong></span> <span class='ocrx_word' id='word_1_241' title='bbox 1209 1871 1433 1912; x_wconf 82' lang='lat' dir='ltr'><strong>occasionem,</strong></span> <span class='ocrx_word' id='word_1_242' title='bbox 1459 1871 1501 1905; x_wconf 89' lang='lat' dir='ltr'><strong>de</strong></span> <span class='ocrx_word' id='word_1_243' title='bbox 1530 1870 1637 1905; x_wconf 85' lang='lat' dir='ltr'><strong>rebus</strong></span> <span class='ocrx_word' id='word_1_244' title='bbox 1670 1875 1757 1910; x_wconf 73' lang='lat' dir='ltr'><strong>tuis</strong></span> <span class='ocrx_word' id='word_1_245' title='bbox 1782 1879 1938 1914; x_wconf 62' lang='lat' dir='ltr'><strong>omnibus</strong></span> 
     </span>
     <span class='ocr_line' id='line_1_29' title="bbox 584 1924 1940 1969; baseline 0.004 -13"><span class='ocrx_word' id='word_1_246' title='bbox 584 1924 774 1957; x_wconf 77' lang='lat' dir='ltr'><strong>certiorem.</strong></span> <span class='ocrx_word' id='word_1_247' title='bbox 824 1924 906 1967; x_wconf 81' lang='lat' dir='ltr'><strong>Ego,</strong></span> <span class='ocrx_word' id='word_1_248' title='bbox 941 1926 982 1957; x_wconf 87' lang='lat' dir='ltr'><strong>vt</strong></span> <span class='ocrx_word' id='word_1_249' title='bbox 1015 1924 1082 1957; x_wconf 87' lang='lat' dir='ltr'><strong>tibi</strong></span> <span class='ocrx_word' id='word_1_250' title='bbox 1114 1925 1237 1967; x_wconf 85' lang='lat' dir='ltr'><strong>scripsi</strong></span> <span class='ocrx_word' id='word_1_251' title='bbox 1267 1927 1347 1959; x_wconf 87' lang='lat' dir='ltr'><strong>ante</strong></span> <span class='ocrx_word' id='word_1_252' title='bbox 1377 1936 1521 1964; x_wconf 87' lang='lat' dir='ltr'><strong>annum,</strong></span> <span class='ocrx_word' id='word_1_253' title='bbox 1543 1928 1804 1966; x_wconf 77' lang='lat' dir='ltr'><strong>sacerdotium</strong></span> <span class='ocrx_word' id='word_1_254' title='bbox 1844 1934 1940 1969; x_wconf 64' lang='lat' dir='ltr'>1121,ae</span> 
     </span>
     <span class='ocr_line' id='line_1_30' title="bbox 585 1978 1939 2027; baseline 0.005 -16"><span class='ocrx_word' id='word_1_255' title='bbox 585 1978 827 2021; x_wconf 81' lang='lat' dir='ltr'><strong>Middelburgi,</strong></span> <span class='ocrx_word' id='word_1_256' title='bbox 864 1979 1092 2021; x_wconf 85' lang='lat' dir='ltr'><strong>praebendam</strong></span> <span class='ocrx_word' id='word_1_257' title='bbox 1141 1979 1302 2013; x_wconf 81' lang='lat' dir='ltr'><strong>videlicet</strong></span> <span class='ocrx_word' id='word_1_258' title='bbox 1343 1979 1575 2014; x_wconf 84' lang='lat' dir='ltr'><strong>canonicalem</strong></span> <span class='ocrx_word' id='word_1_259' title='bbox 1623 1992 1745 2024; x_wconf 83' lang='lat' dir='ltr'><strong>quam</strong></span> <span class='ocrx_word' id='word_1_260' title='bbox 1801 1991 1939 2027; x_wconf 62' lang='lat' dir='ltr'><strong>vocum</strong></span> 
     </span>
     <span class='ocr_line' id='line_1_31' title="bbox 535 2033 1942 2087; baseline 0.009 -22"><span class='ocrx_word' id='word_1_261' title='bbox 535 2044 569 2072; x_wconf 79' lang='lat'><strong>45</strong></span> <span class='ocrx_word' id='word_1_262' title='bbox 584 2043 661 2065; x_wconf 88' lang='lat' dir='ltr'><strong>eam</strong></span> <span class='ocrx_word' id='word_1_263' title='bbox 708 2033 797 2066; x_wconf 88' lang='lat' dir='ltr'><strong>mihi</strong></span> <span class='ocrx_word' id='word_1_264' title='bbox 842 2033 937 2066; x_wconf 86' lang='lat' dir='ltr'><strong>dedit</strong></span> <span class='ocrx_word' id='word_1_265' title='bbox 982 2033 1140 2067; x_wconf 83' lang='lat' dir='ltr'><strong>inaudita</strong></span> <span class='ocrx_word' id='word_1_266' title='bbox 1183 2033 1246 2067; x_wconf 88' lang='lat' dir='ltr'><strong>hoc</strong></span> <span class='ocrx_word' id='word_1_267' title='bbox 1290 2034 1426 2067; x_wconf 86' lang='lat' dir='ltr'><strong>saeculo</strong></span> <span class='ocrx_word' id='word_1_268' title='bbox 1467 2034 1708 2072; x_wconf 77' lang='lat' dir='ltr'><strong>beneficentia</strong></span> <span class='ocrx_word' id='word_1_269' title='bbox 1754 2041 1942 2087; x_wconf 73' lang='lat' dir='ltr'><strong>Philippus</strong></span> 
     </span>
     <span class='ocr_line' id='line_1_32' title="bbox 585 2086 1938 2141; baseline 0.004 -22"><span class='ocrx_word' id='word_1_270' title='bbox 585 2086 772 2128; x_wconf 84' lang='lat' dir='ltr'><strong>Hispanus,</strong></span> <span class='ocrx_word' id='word_1_271' title='bbox 802 2086 895 2120; x_wconf 89' lang='lat' dir='ltr'><strong>nihil</strong></span> <span class='ocrx_word' id='word_1_272' title='bbox 928 2088 1062 2128; x_wconf 84' lang='lat' dir='ltr'><strong>merito,</strong></span> <span class='ocrx_word' id='word_1_273' title='bbox 1088 2098 1160 2121; x_wconf 89' lang='lat' dir='ltr'><strong>non</strong></span> <span class='ocrx_word' id='word_1_274' title='bbox 1185 2087 1364 2130; x_wconf 85' lang='lat' dir='ltr'><strong>ambienti,</strong></span> <span class='ocrx_word' id='word_1_275' title='bbox 1393 2088 1464 2122; x_wconf 88' lang='lat' dir='ltr'><strong>imo</strong></span> <span class='ocrx_word' id='word_1_276' title='bbox 1496 2100 1540 2122; x_wconf 91' lang='lat' dir='ltr'><strong>ne</strong></span> <span class='ocrx_word' id='word_1_277' title='bbox 1571 2089 1758 2132; x_wconf 77' lang='lat' dir='ltr'><strong>cogitanti</strong></span> <span class='ocrx_word' id='word_1_278' title='bbox 1791 2098 1938 2141; x_wconf 65' lang='lat' dir='ltr'><strong>quidem,</strong></span> 
     </span>
     <span class='ocr_line' id='line_1_33' title="bbox 585 2140 1943 2186; baseline 0.004 -13"><span class='ocrx_word' id='word_1_279' title='bbox 585 2140 715 2173; x_wconf 88' lang='lat' dir='ltr'><strong>nedum</strong></span> <span class='ocrx_word' id='word_1_280' title='bbox 747 2151 817 2174; x_wconf 90' lang='lat' dir='ltr'><strong>non</strong></span> <span class='ocrx_word' id='word_1_281' title='bbox 851 2142 1014 2183; x_wconf 83' lang='lat' dir='ltr'><strong>speranti.</strong></span> <span class='ocrx_word' id='word_1_282' title='bbox 1072 2142 1142 2175; x_wconf 86' lang='lat' dir='ltr'><strong>Hic</strong></span> <span class='ocrx_word' id='word_1_283' title='bbox 1180 2142 1248 2175; x_wconf 82' lang='lat' dir='ltr'><strong>fuit</strong></span> <span class='ocrx_word' id='word_1_284' title='bbox 1285 2143 1484 2186; x_wconf 85' lang='lat' dir='ltr'><strong>nuperrime</strong></span> <span class='ocrx_word' id='word_1_285' title='bbox 1522 2143 1787 2186; x_wconf 70' lang='lat' dir='ltr'><strong>compluribus</strong></span> <span class='ocrx_word' id='word_1_286' title='bbox 1829 2152 1943 2186; x_wconf 67' lang='lat' dir='ltr'><strong>diebug</strong></span> 
     </span>
     <span class='ocr_line' id='line_1_34' title="bbox 583 2195 1944 2241; baseline 0.008 -14"><span class='ocrx_word' id='word_1_287' title='bbox 583 2195 775 2237; x_wconf 86' lang='lat' dir='ltr'><strong>nobiscum,</strong></span> <span class='ocrx_word' id='word_1_288' title='bbox 804 2206 884 2228; x_wconf 86' lang='lat' dir='ltr'><strong>cum</strong></span> <span class='ocrx_word' id='word_1_289' title='bbox 910 2207 951 2229; x_wconf 92' lang='lat' dir='ltr'><strong>eo</strong></span> <span class='ocrx_word' id='word_1_290' title='bbox 978 2196 1132 2230; x_wconf 87' lang='lat' dir='ltr'><strong>multum</strong></span> <span class='ocrx_word' id='word_1_291' title='bbox 1159 2207 1240 2240; x_wconf 84' lang='lat' dir='ltr'><strong>sepe</strong></span> <span class='ocrx_word' id='word_1_292' title='bbox 1266 2207 1463 2231; x_wconf 86' lang='lat' dir='ltr'><strong>sermonem</strong></span> <span class='ocrx_word' id='word_1_293' title='bbox 1489 2196 1596 2231; x_wconf 85' lang='lat' dir='ltr'><strong>habui</strong></span> <span class='ocrx_word' id='word_1_294' title='bbox 1622 2202 1747 2237; x_wconf 74' lang='lat' dir='ltr'><strong>variis</strong></span> <span class='ocrx_word' id='word_1_295' title='bbox 1772 2205 1824 2239; x_wconf 87' lang='lat' dir='ltr'><strong>de</strong></span> <span class='ocrx_word' id='word_1_296' title='bbox 1849 2207 1944 2241; x_wconf 76' lang='lat' dir='ltr'><strong>rebus</strong></span> 
     </span>
     <span class='ocr_line' id='line_1_35' title="bbox 583 2250 1945 2296; baseline 0.005 -13"><span class='ocrx_word' id='word_1_297' title='bbox 583 2252 618 2283; x_wconf 90' lang='lat' dir='ltr'><strong>et</strong></span> <span class='ocrx_word' id='word_1_298' title='bbox 641 2250 790 2284; x_wconf 85' lang='lat' dir='ltr'><strong>subinde</strong></span> <span class='ocrx_word' id='word_1_299' title='bbox 814 2250 857 2283; x_wconf 88' lang='lat' dir='ltr'><strong>de</strong></span> <span class='ocrx_word' id='word_1_300' title='bbox 876 2250 1026 2291; x_wconf 85' lang='lat' dir='ltr'><strong>litteris;</strong></span> <span class='ocrx_word' id='word_1_301' title='bbox 1057 2253 1111 2285; x_wconf 88' lang='lat' dir='ltr'><strong>est</strong></span> <span class='ocrx_word' id='word_1_302' title='bbox 1131 2252 1227 2285; x_wconf 88' lang='lat' dir='ltr'><strong>enim</strong></span> <span class='ocrx_word' id='word_1_303' title='bbox 1249 2263 1319 2286; x_wconf 89' lang='lat' dir='ltr'><strong>non</strong></span> <span class='ocrx_word' id='word_1_304' title='bbox 1344 2252 1551 2293; x_wconf 76' lang='lat' dir='ltr'><strong>illitteratus,</strong></span> <span class='ocrx_word' id='word_1_305' title='bbox 1578 2253 1640 2287; x_wconf 80' lang='lat' dir='ltr'><strong>sed</strong></span> <span class='ocrx_word' id='word_1_306' title='bbox 1673 2256 1899 2296; x_wconf 63' lang='lat' dir='ltr'><strong>litterarum</strong></span> <span class='ocrx_word' id='word_1_307' title='bbox 1915 2264 1945 2296; x_wconf 66' lang='lat' dir='ltr'><strong>et</strong></span> 
     </span>
     <span class='ocr_line' id='line_1_36' title="bbox 534 2305 1943 2357; baseline 0.003 -19"><span class='ocrx_word' id='word_1_308' title='bbox 534 2315 570 2343; x_wconf 78' lang='lat'><strong>50</strong></span> <span class='ocrx_word' id='word_1_309' title='bbox 583 2306 816 2339; x_wconf 85' lang='lat' dir='ltr'><strong>litteratorum</strong></span> <span class='ocrx_word' id='word_1_310' title='bbox 852 2305 1116 2339; x_wconf 83' lang='lat' dir='ltr'><strong>amantissimus</strong></span> <span class='ocrx_word' id='word_1_311' title='bbox 1148 2308 1184 2339; x_wconf 86' lang='lat' dir='ltr'><strong>et</strong></span> <span class='ocrx_word' id='word_1_312' title='bbox 1218 2318 1383 2350; x_wconf 85' lang='lat' dir='ltr'><strong>perquam</strong></span> <span class='ocrx_word' id='word_1_313' title='bbox 1423 2307 1614 2341; x_wconf 82' lang='lat' dir='ltr'><strong>studiosus.</strong></span> <span class='ocrx_word' id='word_1_314' title='bbox 1685 2310 1780 2348; x_wconf 62' lang='lat' dir='ltr'><strong>Feci</strong></span> <span class='ocrx_word' id='word_1_315' title='bbox 1818 2320 1943 2357; x_wconf 59' lang='lat' dir='ltr'><strong>autem,</strong></span> 
     </span>
     <span class='ocr_line' id='line_1_37' title="bbox 583 2360 1947 2406; baseline 0.003 -13"><span class='ocrx_word' id='word_1_316' title='bbox 583 2361 621 2393; x_wconf 88' lang='lat' dir='ltr'><strong>vt</strong></span> <span class='ocrx_word' id='word_1_317' title='bbox 645 2369 784 2402; x_wconf 81' lang='lat' dir='ltr'><strong>semper</strong></span> <span class='ocrx_word' id='word_1_318' title='bbox 806 2360 899 2393; x_wconf 88' lang='lat' dir='ltr'><strong>soleo</strong></span> <span class='ocrx_word' id='word_1_319' title='bbox 925 2360 1061 2403; x_wconf 75' lang='lat' dir='ltr'><strong>quoties</strong></span> <span class='ocrx_word' id='word_1_320' title='bbox 1083 2360 1206 2394; x_wconf 86' lang='lat' dir='ltr'><strong>incidit</strong></span> <span class='ocrx_word' id='word_1_321' title='bbox 1232 2361 1443 2403; x_wconf 88' lang='lat' dir='ltr'><strong>colloquium</strong></span> <span class='ocrx_word' id='word_1_322' title='bbox 1467 2362 1509 2395; x_wconf 91' lang='lat' dir='ltr'><strong>de</strong></span> <span class='ocrx_word' id='word_1_323' title='bbox 1532 2361 1675 2403; x_wconf 86' lang='lat' dir='ltr'><strong>litteris,</strong></span> <span class='ocrx_word' id='word_1_324' title='bbox 1701 2366 1947 2406; x_wconf 52' lang='lat' dir='ltr'><strong>honorificam</strong></span> 
     </span>
    </p>
   </div>
   <div class='ocr_carea' id='block_1_3' title="bbox 583 2437 1947 2759">
    <p class='ocr_par' dir='ltr' id='par_1_3' title="bbox 583 2437 1947 2759">
     <span class='ocr_line' id='line_1_38' title="bbox 638 2437 1898 2478; baseline 0.003 -14"><span class='ocrx_word' id='word_1_325' title='bbox 638 2444 683 2470; x_wconf 87' lang='grc'><strong>33.</strong></span> <span class='ocrx_word' id='word_1_326' title='bbox 702 2437 785 2463; x_wconf 84' lang='lat' dir='ltr'><strong>enim</strong></span> <span class='ocrx_word' id='word_1_327' title='bbox 802 2438 847 2463; x_wconf 86' lang='lat' dir='ltr'><strong>LB</strong></span> <span class='ocrx_word' id='word_1_328' title='bbox 860 2445 867 2462; x_wconf 70' lang='grc' dir='ltr'>ι</span> <span class='ocrx_word' id='word_1_329' title='bbox 885 2437 936 2463; x_wconf 74' lang='grc' dir='ltr'><strong>δαὶ</strong></span> <span class='ocrx_word' id='word_1_330' title='bbox 949 2438 1006 2463; x_wconf 76' lang='lat' dir='ltr'><strong>MS.</strong></span> <span class='ocrx_word' id='word_1_331' title='bbox 1099 2444 1143 2471; x_wconf 84' lang='lat'><strong>39.</strong></span> <span class='ocrx_word' id='word_1_332' title='bbox 1166 2437 1326 2464; x_wconf 76' lang='lat' dir='ltr'><strong>Latinitati</strong></span> <span class='ocrx_word' id='word_1_333' title='bbox 1340 2440 1407 2465; x_wconf 76' lang='lat' dir='ltr'><strong>MS:</strong></span> <span class='ocrx_word' id='word_1_334' title='bbox 1428 2446 1490 2464; x_wconf 80' lang='lat' dir='ltr'><strong>corr.</strong></span> <span class='ocrx_word' id='word_1_335' title='bbox 1506 2439 1559 2465; x_wconf 70' lang='grc' dir='ltr'><strong>ΕΒ.</strong></span> <span class='ocrx_word' id='word_1_336' title='bbox 1598 2440 1637 2470; x_wconf 79' lang='lat' dir='ltr'><strong>Cf.</strong></span> <span class='ocrx_word' id='word_1_337' title='bbox 1652 2441 1716 2468; x_wconf 66' lang='grc' dir='ltr'><strong>ΕΒ.</strong></span> <span class='ocrx_word' id='word_1_338' title='bbox 1731 2447 1816 2478; x_wconf 62' lang='lat' dir='ltr'><strong>Am),</strong></span> <span class='ocrx_word' id='word_1_339' title='bbox 1832 2449 1898 2477; x_wconf 55' lang='grc' dir='ltr'><strong>ωδ,</strong></span> 
     </span>
     <span class='ocr_line' id='line_1_39' title="bbox 748 2472 1773 2508; baseline 0.005 -9"><span class='ocrx_word' id='word_1_340' title='bbox 748 2473 792 2506; x_wconf 83' lang='lat'><strong>46.</strong></span> <span class='ocrx_word' id='word_1_341' title='bbox 813 2472 960 2499; x_wconf 80' lang='lat' dir='ltr'><strong>ambienti</strong></span> <span class='ocrx_word' id='word_1_342' title='bbox 973 2474 1020 2499; x_wconf 89' lang='lat' dir='ltr'><strong>LB</strong></span> <span class='ocrx_word' id='word_1_343' title='bbox 1032 2482 1040 2499; x_wconf 80' lang='lat' dir='ltr'><strong><em>z</em></strong></span> <span class='ocrx_word' id='word_1_344' title='bbox 1057 2474 1224 2508; x_wconf 78' lang='lat' dir='ltr'><strong>ambigenti</strong></span> <span class='ocrx_word' id='word_1_345' title='bbox 1237 2476 1295 2508; x_wconf 72' lang='lat' dir='ltr'><strong>MS,</strong></span> <span class='ocrx_word' id='word_1_346' title='bbox 1308 2482 1329 2508; x_wconf 83' lang='lat' dir='ltr'><strong>g</strong></span> <span class='ocrx_word' id='word_1_347' title='bbox 1337 2478 1425 2507; x_wconf 76' lang='lat' dir='ltr'><strong>postea</strong></span> <span class='ocrx_word' id='word_1_348' title='bbox 1438 2476 1527 2501; x_wconf 75' lang='lat' dir='ltr'><strong>addito</strong></span> <span class='ocrx_word' id='word_1_349' title='bbox 1539 2477 1572 2500; x_wconf 77' lang='lat' dir='ltr'><strong>ab</strong></span> <span class='ocrx_word' id='word_1_350' title='bbox 1583 2483 1773 2508; x_wconf 57' lang='lat' dir='ltr'><strong>amanuenaei,</strong></span> 
     </span>
     <span class='ocr_line' id='line_1_40' title="bbox 618 2535 1945 2583; baseline 0.006 -21"><span class='ocrx_word' id='word_1_351' title='bbox 618 2544 662 2570; x_wconf 84' lang='lat'><strong>37.</strong></span> <span class='ocrx_word' id='word_1_352' title='bbox 684 2535 936 2572; x_wconf 59' lang='lat' dir='ltr'><strong>plutarchique</strong></span> <span class='ocrx_word' id='word_1_353' title='bbox 955 2537 1080 2564; x_wconf 86' lang='lat' dir='ltr'><strong>London</strong></span> <span class='ocrx_word' id='word_1_354' title='bbox 1096 2537 1220 2565; x_wconf 85' lang='lat' dir='ltr'><strong>edition.</strong></span> <span class='ocrx_word' id='word_1_355' title='bbox 1279 2537 1319 2572; x_wconf 87' lang='lat' dir='ltr'><strong>(c.</strong></span> <span class='ocrx_word' id='word_1_356' title='bbox 1341 2538 1528 2581; x_wconf 66' lang='lat'>3477-1529),</span> <span class='ocrx_word' id='word_1_357' title='bbox 1550 2538 1632 2582; x_wconf 68' lang='lat' dir='ltr'><strong>150¹‘d</strong></span> <span class='ocrx_word' id='word_1_358' title='bbox 1656 2541 1694 2568; x_wconf 79' lang='lat' dir='ltr'><strong>of</strong></span> <span class='ocrx_word' id='word_1_359' title='bbox 1726 2544 1885 2583; x_wconf 59' lang='lat' dir='ltr'><strong>spangeu</strong></span> <span class='ocrx_word' id='word_1_360' title='bbox 1915 2549 1945 2576; x_wconf 67' lang='lat' dir='ltr'><strong>i„</strong></span> 
     </span>
     <span class='ocr_line' id='line_1_41' title="bbox 583 2572 1947 2613; baseline 0.01 -20"><span class='ocrx_word' id='word_1_361' title='bbox 583 2572 628 2600; x_wconf 76' lang='lat' dir='ltr'><strong>cf,</strong></span> <span class='ocrx_word' id='word_1_362' title='bbox 645 2573 697 2607; x_wconf 77' lang='lat' dir='ltr'><strong>Ep,</strong></span> <span class='ocrx_word' id='word_1_363' title='bbox 714 2573 777 2600; x_wconf 77' lang='lat'><strong>268,</strong></span> <span class='ocrx_word' id='word_1_364' title='bbox 1277 2574 1450 2610; x_wconf 82' lang='lat' dir='ltr'><strong>Schieland,</strong></span> <span class='ocrx_word' id='word_1_365' title='bbox 1471 2575 1524 2602; x_wconf 86' lang='lat' dir='ltr'><strong>the</strong></span> <span class='ocrx_word' id='word_1_366' title='bbox 1543 2574 1668 2603; x_wconf 77' lang='lat' dir='ltr'><strong>district</strong></span> <span class='ocrx_word' id='word_1_367' title='bbox 1687 2583 1807 2611; x_wconf 72' lang='lat' dir='ltr'><strong>round</strong></span> <span class='ocrx_word' id='word_1_368' title='bbox 1827 2585 1947 2613; x_wconf 57' lang='lat' dir='ltr'><strong>Bomp-</strong></span> 
     </span>
     <span class='ocr_line' id='line_1_42' title="bbox 618 2605 1945 2649; baseline 0.012 -15"><span class='ocrx_word' id='word_1_369' title='bbox 618 2617 662 2643; x_wconf 81' lang='lat'><strong>39.</strong></span> <span class='ocrx_word' id='word_1_370' title='bbox 692 2605 835 2642; x_wconf 84' lang='lat' dir='ltr'><strong>Louanii]</strong></span> <span class='ocrx_word' id='word_1_371' title='bbox 866 2609 912 2644; x_wconf 81' lang='lat' dir='ltr'><strong>By</strong></span> <span class='ocrx_word' id='word_1_372' title='bbox 935 2609 990 2638; x_wconf 85' lang='lat' dir='ltr'><strong>Th.</strong></span> <span class='ocrx_word' id='word_1_373' title='bbox 1016 2610 1158 2644; x_wconf 76' lang='lat' dir='ltr'><strong>Mai-tens,</strong></span> <span class='ocrx_word' id='word_1_374' title='bbox 1188 2619 1222 2638; x_wconf 84' lang='lat'><strong>10</strong></span> <span class='ocrx_word' id='word_1_375' title='bbox 1277 2610 1358 2644; x_wconf 81' lang='lat' dir='ltr'><strong>dam,</strong></span> <span class='ocrx_word' id='word_1_376' title='bbox 1371 2610 1439 2638; x_wconf 84' lang='lat' dir='ltr'><strong>who</strong></span> <span class='ocrx_word' id='word_1_377' title='bbox 1452 2610 1512 2638; x_wconf 77' lang='lat' dir='ltr'><strong>had</strong></span> <span class='ocrx_word' id='word_1_378' title='bbox 1525 2611 1695 2641; x_wconf 60' lang='lat' dir='ltr'><strong>sucmdffll</strong></span> <span class='ocrx_word' id='word_1_379' title='bbox 1715 2615 1778 2646; x_wconf 78' lang='lat' dir='ltr'><strong>hia</strong></span> <span class='ocrx_word' id='word_1_380' title='bbox 1795 2619 1903 2649; x_wconf 75' lang='lat' dir='ltr'><strong>father</strong></span> <span class='ocrx_word' id='word_1_381' title='bbox 1914 2623 1945 2649; x_wconf 80' lang='lat' dir='ltr'><strong>iu</strong></span> 
     </span>
     <span class='ocr_line' id='line_1_43' title="bbox 585 2644 1944 2690; baseline 0.01 -25"><span class='ocrx_word' id='word_1_382' title='bbox 585 2644 658 2672; x_wconf 73' lang='lat' dir='ltr'><strong>Nov,</strong></span> <span class='ocrx_word' id='word_1_383' title='bbox 675 2653 754 2679; x_wconf 71' lang='lat'><strong>¹513·</strong></span> <span class='ocrx_word' id='word_1_384' title='bbox 1277 2647 1330 2674; x_wconf 70' lang='lat' dir='ltr'><strong>the</strong></span> <span class='ocrx_word' id='word_1_385' title='bbox 1352 2647 1496 2690; x_wconf 44' lang='lat' dir='ltr'><strong>lordflhl&#39;p.</strong></span> <span class='ocrx_word' id='word_1_386' title='bbox 1510 2648 1543 2674; x_wconf 77' lang='lat' dir='ltr'><strong>in</strong></span> <span class='ocrx_word' id='word_1_387' title='bbox 1568 2654 1652 2682; x_wconf 75' lang='lat'><strong>1509.</strong></span> <span class='ocrx_word' id='word_1_388' title='bbox 1704 2651 1765 2682; x_wconf 70' lang='lat' dir='ltr'><strong>He</strong></span> <span class='ocrx_word' id='word_1_389' title='bbox 1793 2657 1872 2685; x_wconf 66' lang='lat' dir='ltr'><strong>died</strong></span> <span class='ocrx_word' id='word_1_390' title='bbox 1893 2667 1944 2686; x_wconf 69' lang='lat' dir='ltr'>un..</span> 
     </span>
     <span class='ocr_line' id='line_1_44' title="bbox 583 2680 1944 2759; baseline 0.01 -15"><span class='ocrx_word' id='word_1_391' title='bbox 583 2680 921 2752; x_wconf 38' lang='lat' dir='ltr'><strong>crederemini&amp;</strong></span> <span class='ocrx_word' id='word_1_392' title='bbox 949 2682 988 2710; x_wconf 76' lang='lat'><strong>¹¹¹</strong></span> <span class='ocrx_word' id='word_1_393' title='bbox 1276 2684 1944 2759; x_wconf 51' lang='lat' dir='ltr'><strong>33‘233225235232”333¹32ffi321</strong></span> 
     </span>
    </p>
   </div>
   <div class='ocr_carea' id='block_1_4' title="bbox 618 2754 1943 2796">
    <p class='ocr_par' dir='ltr' id='par_1_4' title="bbox 618 2754 1943 2796">
     <span class='ocr_line' id='line_1_45' title="bbox 618 2754 1943 2796; baseline 0.005 -16"><span class='ocrx_word' id='word_1_394' title='bbox 618 2762 662 2788; x_wconf 84' lang='lat'><strong>⁴5·</strong></span> <span class='ocrx_word' id='word_1_395' title='bbox 699 2754 859 2789; x_wconf 79' lang='lat' dir='ltr'><strong>Philippus</strong></span> <span class='ocrx_word' id='word_1_396' title='bbox 905 2755 1072 2791; x_wconf 81' lang='lat' dir='ltr'><strong>Hispanus]</strong></span> <span class='ocrx_word' id='word_1_397' title='bbox 1116 2755 1220 2790; x_wconf 86' lang='lat' dir='ltr'><strong>Philip</strong></span> <span class='ocrx_word' id='word_1_398' title='bbox 1275 2756 1437 2791; x_wconf 80' lang='lat' dir='ltr'><strong>lordships.</strong></span> <span class='ocrx_word' id='word_1_399' title='bbox 1458 2757 1514 2785; x_wconf 89' lang='lat' dir='ltr'><strong>See</strong></span> <span class='ocrx_word' id='word_1_400' title='bbox 1523 2757 1768 2794; x_wconf 52' lang='lat' dir='ltr'><strong>Goethalgmd,</strong></span> <span class='ocrx_word' id='word_1_401' title='bbox 1781 2768 1891 2796; x_wconf 55' lang='lat' dir='ltr'><strong>GM</strong></span> <span class='ocrx_word' id='word_1_402' title='bbox 1902 2769 1943 2796; x_wconf 54' lang='grc' dir='ltr'><strong>ᾗ,</strong></span> 
     </span>
    </p>
   </div>
  </div>
 </body>
</html>
