2248 3363
438 386 479 417 14
824 384 1037 418 LETTERS
1068 384 1128 418 oF
1156 382 1380 418 ERASMUS
1615 381 1768 423 [1523-4

433 471 575 506 illorum
590 471 790 505 felicitatem
805 471 849 505 ad
865 473 1020 505 nostram
1031 470 1262 514 ignominiam
1276 470 1461 514 pertinere,
1478 470 1519 503 vt
1532 468 1616 502 hinc
1632 468 1768 512 aliquid

434 526 541 560 etiam
564 526 677 559 laudis
703 525 814 559 simus
844 525 1046 568 decerpturi,
1075 525 1245 559 nimirum
1268 525 1358 569 quod
1388 526 1509 558 nostro
1533 524 1768 567 qualicunque

434 582 561 614 conatu
592 579 851 623 praebuerimus
881 580 954 613 illis
983 591 1113 621 ansam,
1147 579 1398 623 stimulumque
1435 578 1685 612 subiecerimus
1722 577 1769 611 ad

435 635 717 670 honestissimam
733 634 950 678 prouinciam
965 634 1227 678 suscipiendam.

405 701 421 729 5
480 688 539 723 Ab
565 688 622 723 his
651 689 969 732 progymnasmatis
995 700 1177 733 aggressus
1202 699 1282 722 sum
1310 688 1451 722 Nouum
1477 688 1769 728 Testamentum;

435 743 474 776 in
490 754 559 786 quo
574 742 792 776 decreueram
812 743 897 776 adeo
914 743 1100 777 verborum
1119 753 1244 785 parcus
1265 753 1348 783 esse,
1367 743 1408 775 vt
1426 741 1608 775 statuerim
1627 741 1770 784 singula

434 798 510 831 loca
525 797 638 831 tribus
651 797 769 830 verbis
783 799 959 839 annotare,
973 798 1176 840 praesertim
1190 808 1299 840 quum
1314 796 1493 831 Laurentii
1505 795 1770 839 castigationem

434 851 507 885 iam
518 852 730 893 aedidissem‚
744 863 829 894 quae
840 852 929 885 mihi
939 852 1115 886 verbosior
1127 863 1230 895 quam
1241 863 1304 895 pro
1316 863 1353 884 re
1363 850 1553 885 videbatur.
1581 849 1770 884 Caeterum

435 905 497 939 vbi
512 905 584 939 iam
597 905 770 940 accinctus
784 908 875 940 esset
891 906 1083 940 Frobem‘us
1097 906 1141 940 ad
1157 906 1405 947 excudendum,
1423 904 1650 948 perpulerunt
1663 904 1770 938 amici

389 974 424 994 xo
437 960 538 1001 docti,
557 960 680 1004 quibus
695 961 879 1005 aliquoties
893 960 1137 1005 obsequentior
1150 971 1229 994 sum
1246 971 1352 1003 quam
1367 959 1513 1002 expedit,
1531 960 1571 992 vt
1593 961 1769 993 mutarem

436 1015 543 1049 etiam
568 1015 775 1050 seditionem
800 1015 988 1058 vulgatam,
1012 1018 1047 1049 et
1074 1015 1112 1049 in
1136 1015 1432 1049 Annotationibus
1456 1025 1567 1048 essem
1589 1014 1770 1056 aliquanto

436 1070 611 1114 copiosior.
655 1070 694 1104 Is
708 1070 806 1104 labor
820 1073 937 1104 noster
949 1072 988 1104 vt
1002 1070 1172 1114 plurimos
1187 1070 1352 1104 excitauit
1360 1069 1417 1102 vel
1432 1069 1476 1102 ad
1493 1069 1638 1104 Graecas
1651 1069 1770 1102 literas

435 1126 491 1159 vel
507 1125 550 1158 ad
565 1124 722 1158 studium
737 1124 946 1167 syncerioris
961 1124 1163 1167 theologiae,
1175 1125 1225 1158 ita
1240 1124 1330 1157 mihi
1345 1124 1493 1166 gloriam
1507 1123 1641 1166 peperit
1656 1123 1770 1157 multa

436 1178 570 1212 inuidia
599 1178 851 1212 fermentatam.
901 1179 1068 1212 Dedimus
1092 1180 1127 1212 et
1150 1179 1209 1212 hic
1235 1189 1317 1211 mox
1341 1189 1469 1220 poenas
1496 1189 1567 1211 non
1592 1177 1688 1211 leues
1711 1177 1770 1211 vel

389 1247 423 1275 15
437 1232 644 1267 temeritatis
662 1232 719 1265 vel
741 1232 870 1266 nimiae
890 1232 1068 1266 facilitatis
1086 1232 1125 1267 in
1146 1233 1366 1276 obsequendo
1388 1231 1578 1266 amicorum
1595 1231 1770 1266 voluntati

436 1286 553 1330 potius
575 1297 681 1330 quam
702 1286 837 1321 iudicio.
887 1286 967 1320 Non
989 1287 1168 1321 credendis
1189 1287 1364 1321 laboribus
1383 1289 1499 1320 totum
1517 1297 1604 1329 opus
1624 1286 1772 1320 retexui-

437 1352 518 1375 mus
543 1352 584 1375 ac
616 1352 736 1374 rursus
762 1341 918 1375 officinae
943 1341 1160 1376 tradidimus.
1218 1342 1371 1376 Rursum
1403 1341 1505 1374 tertio
1535 1351 1683 1374 manum
1712 1341 1770 1374 ad·
1819 1359 1824 1364 ·

437 1396 624 1437 mouimus,
641 1406 834 1439 magnaque
849 1407 931 1434 cura
953 1396 1242 1439 locupletauimus
1256 1407 1349 1433 anno
1366 1395 1553 1429 millesimo
1570 1395 1771 1439 quingente-

438 1451 527 1484 simo
558 1450 722 1484 vicesimo
748 1451 921 1491 secundo;
952 1462 1038 1494 quae
1064 1451 1207 1494 quidem
1232 1451 1400 1484 hactenus
1429 1450 1497 1484 fuit
1526 1450 1627 1484 nobis
1657 1450 1772 1493 operis

390 1518 425 1539 πο
438 1505 565 1539 seditio
595 1504 793 1540 nouissima.
843 1505 1009 1548 Quartam
1039 1505 1209 1539 habemus
1238 1506 1403 1548 paratam,
1433 1504 1524 1548 quod
1552 1504 1637 1538 dum
1668 1505 1772 1539 Para—

438 1559 580 1603 phrases
597 1559 832 1602 scriberemus,
851 1560 962 1594 multa
980 1560 1311 1603 deprehenderimus
1333 1571 1422 1602 quae
1444 1558 1543 1602 prius
1562 1559 1768 1593 fefellerant.

484 1614 578 1656 Quin
599 1616 634 1648 et
654 1614 949 1658 Hieronymianas
971 1614 1141 1658 epistolas,
1163 1615 1254 1658 quod
1277 1614 1342 1648 hae
1362 1616 1402 1647 vt
1426 1613 1621 1656 plurimum
1641 1613 1773 1647 habent

439 1668 646 1702 eruditionis
667 1670 703 1702 et
725 1669 949 1712 eloquentiae,
968 1669 1017 1702 ita
1039 1668 1255 1703 habebantur
1276 1668 1568 1709 mendosissimae,
1593 1668 1773 1711 castigaui-

439 1734 520 1756 mus
546 1734 584 1759 ac
615 1723 756 1758 scholiis
785 1723 1023 1766 explicuimus,
1053 1724 1162 1758 notha
1192 1723 1406 1757 semouimus
1432 1722 1577 1756 adiectis
1605 1723 1770 1757 censuris.

393 1793 425 1821 ²5
440 1778 539 1820 Quod
569 1789 655 1821 opus
685 1789 825 1812 rursum
855 1778 1119 1821 recognouimus
1148 1789 1241 1812 anno
1275 1777 1463 1811 millesimo
1494 1777 1773 1820 quingentesimo

440 1833 604 1870 vicesimo
619 1833 777 1874 secundo,
797 1844 867 1866 non
885 1832 1003 1876 paucis
1022 1832 1107 1866 locis
1121 1833 1177 1866 vel
1198 1832 1359 1866 correctis
1374 1832 1432 1865 vel
1446 1832 1582 1873 additis,
1598 1843 1685 1874 quae
1707 1842 1773 1866 nos

439 1886 479 1921 in
494 1888 606 1931 priore
621 1888 796 1921 seditione
811 1886 1015 1921 fefellerant.
1066 1886 1142 1920 Hoc
1157 1898 1277 1920 rursus
1293 1897 1458 1920 excusum
1473 1887 1527 1919 est
1546 1887 1653 1920 Anno
1671 1896 1769 1930 15η.

440 1941 486 1975 In
508 1943 573 1976 hoc
596 1942 712 1976 labore
734 1943 784 1976 sic
805 1941 934 1976 versati
954 1952 1086 1984 sumus,
1104 1943 1145 1975 vt
1167 1944 1323 1975 attentus
1344 1941 1453 1974 lector
1470 1941 1569 1974 facile
1588 1941 1775 1983 deprehen-

440 2007 544 2030 surus
574 1997 620 2029 sit
651 2008 707 2029 me
742 2008 813 2030 non
846 1997 977 2030 frustra
1015 1996 1287 2040 recognitionem
1317 1995 1406 2029 hanc
1437 1995 1633 2038 suscepisse.
1693 1995 1774 2030 Non

393 2064 429 2091 30
443 2051 626 2085 defuerunt
648 2051 705 2083 hic
726 2054 883 2084 veterum
901 2051 1056 2085 codicum
1077 2051 1256 2093 praesidia,
1275 2050 1335 2084 sed
1357 2061 1444 2093 quae
1468 2060 1539 2083 non
1560 2051 1775 2092 praestarent

387 2143 392 2148 .
442 2105 526 2148 quin
546 2105 676 2147 aliquot
696 2104 780 2138 locis
797 2104 900 2138 fuerit
922 2104 1162 2139 diuinandum.
1209 2105 1341 2138 Verum
1362 2116 1439 2138 eam
1459 2105 1713 2138 diuinationem
1735 2105 1775 2139 in

392 2155 402 2162 ⁵
442 2159 583 2193 scholiis
605 2159 655 2193 its
678 2159 960 2202 temper-suimus,
977 2161 1017 2192 vt
1039 2170 1083 2192 ne
1106 2160 1165 2202 qui
1192 2159 1291 2192 facile
1316 2160 1390 2193 falli
1413 2160 1531 2202 possit,
1549 2160 1610 2193 sed
1632 2161 1775 2193 tantum

443 2214 614 2248 excitetur
633 2215 675 2247 ad
697 2214 980 2257 inuestigandum
1002 2214 1139 2247 lectoris
1159 2214 1325 2248 studium.
1375 2215 1421 2247 Et
1442 2225 1621 2257 speramus
1640 2214 1713 2248 fore
1733 2217 1776 2249 vt

442 2268 568 2313 aliquis
590 2268 730 2302 adiutus
757 2267 1048 2302 emendatioribus
1071 2268 1324 2311 exemplaribus
1350 2269 1512 2302 restituat
1539 2271 1575 2302 et
1602 2269 1664 2302 illa
1687 2280 1774 2312 quae

394 2337 428 2366 35
443 2335 508 2358 nos
537 2323 725 2366 fugerunt;
761 2322 888 2366 quibus
916 2324 957 2356 vt
986 2322 1136 2356 libenter
1165 2322 1358 2356 tribuemus
1389 2323 1552 2356 meritam
1584 2322 1774 2357 industriae

442 2378 590 2419 laudem,
620 2378 669 2411 ita
695 2388 766 2411 non
793 2377 973 2411 habebunt
1004 2377 1093 2420 quod
1121 2379 1260 2411 nostros
1289 2379 1432 2411 conatus
1457 2377 1684 2419 insectentur,
1714 2377 1776 2420 qui

444 2444 553 2478 quum
568 2432 680 2467 multa
694 2431 841 2465 feliciter
855 2431 1120 2472 restituerimus,
1140 2431 1179 2465 in
1195 2432 1402 2475 quibusdam
1414 2431 1520 2465 coacti
1535 2442 1656 2465 sumus
1671 2433 1777 2467 vetus

444 2488 540 2532 sequi
555 2486 777 2531 prouerbium
793 2488 851 2530 οὐχ
866 2487 906 2521 ὡς
921 2486 1062 2529 θέλομεν,
1081 2488 1153 2519 ἀλλ’
1170 2488 1210 2522 ὡς
1224 2486 1388 2529 δυνάμεθα.

491 2543 583 2577 Sunt
615 2541 710 2576 enim
742 2541 885 2585 quidam
915 2551 956 2574 eo
985 2541 1135 2584 ingenio,
1162 2543 1203 2575 vt
1232 2540 1263 2575 si
1289 2538 1371 2584 quid
1396 2541 1531 2584 possint
1555 2541 1777 2584 superiorum

395 2614 433 2644 40
445 2597 625 2631 conatibus
648 2597 804 2638 adiicere,
831 2596 943 2629 totam
966 2594 1105 2629 laudem
1129 2594 1197 2629 sibi
1219 2595 1419 2636 vindicent,
1450 2596 1587 2638 magnis
1608 2596 1778 2630 conuiciis

446 2651 630 2695 exagitant,
647 2650 757 2685 sicubi
773 2650 1001 2685 dormitatum
1017 2652 1080 2691 est,
1099 2651 1160 2683 aut
1174 2650 1285 2685 sicubi
1300 2661 1372 2684 non
1391 2650 1567 2694 praestitit
1581 2650 1668 2684 alter
1683 2652 1777 2694 quod

484 2747 511 2773 Ἰ.
530 2738 631 2766 verbis
644 2739 682 2767 B:
701 2738 823 2765 vocibus
834 2747 863 2765 n.
911 2737 938 2764 8.
959 2743 1036 2770 quse
1048 2755 1056 2763 .
1071 2755 1079 2764 .
1092 2757 1100 2764 .
1113 2735 1273 2764 videbatur
1284 2739 1347 2764 add.
1361 2738 1389 2767 β.
1440 2744 1486 2763 ao.
1503 2736 1646 2770 Quartam
1660 2755 1668 2764 .
1681 2754 1689 2763 .
1705 2756 1713 2764 .
1727 2744 1774 2764 21.

447 2774 619 2804 fefellerant
631 2777 696 2802 aad.
709 2775 739 2804 β.
816 2775 862 2802 26.
880 2781 943 2802 non
955 2792 964 2801 .
980 2793 988 2801 .
1001 2793 1010 2801 .
1025 2774 1067 2801 16.
1081 2781 1109 2807 3.
1129 2772 1207 2809 Ergo
1217 2774 1237 2804 β
1249 2783 1256 2800 =
1278 2774 1369 2810 breui,
1384 2773 1418 2800 ni
1431 2773 1528 2805 fallor.
1540 2773 1735 2808 proditurum
1747 2782 1774 2801 a.
