2248 3363
493 387 537 420 26
882 385 1095 419 LETTERS
1125 384 1186 420 oF
1214 383 1435 420 ERASMUS
1676 377 1761 430 [152
1765 387 1830 427 3-4

493 474 648 515 Emmo,
661 484 726 517 ego
740 474 860 507 tamen
875 484 947 507 non
961 473 1081 507 tacebo
1096 483 1227 508 verum.
1261 473 1432 517 Quicquid
1447 472 1543 507 tenet
1556 471 1713 513 ecclesia,
1725 471 1832 506 huius

492 527 801 562 contradictorium
815 530 869 561 est
882 527 1013 561 falsum
1030 530 1067 561 et
1087 527 1321 562 haereticum:
1358 527 1558 562 Erasmicae
1576 526 1742 561 lectionis
1754 537 1833 560 con·

494 582 736 617 tradictorium
754 583 851 616 tenet
866 582 1028 616 ecclesia:
1054 593 1136 625 ergo
1152 582 1287 617 Emmi
1302 582 1406 617 lectio
1421 583 1474 615 eet
1488 582 1577 615 falsa
1592 583 1629 615 et
1644 581 1830 615 haeretica.

495 637 616 680 Capite
627 636 795 670 Matthaei
806 646 838 680 3.
850 647 918 679 quo
929 647 992 680 pro
1004 648 1045 671 eo
1057 636 1148 680 quod
1159 638 1233 671 erat
1247 637 1522 670 ‘Poenitentiam
1537 636 1645 680 agite’
1654 637 1833 670 verteram

464 702 480 731 ⁵
498 689 742 734 ‘Resipiscite‚’
766 691 826 724 hio
854 689 924 732 ille,
950 691 1127 733 Erasmus,
1155 691 1279 734 inquit,
1309 693 1413 734 negat
1442 690 1708 734 poenitentiam,
1735 687 1834 733 quasi

495 745 749 789 poenitentiam
764 755 862 788 agere
881 745 927 779 sit
944 746 1079 779 Latinis
1095 746 1188 779 idem
1204 746 1296 788 quod
1315 745 1454 789 explere
1473 744 1753 779 satisfactionem
1771 753 1833 787 pro

495 799 694 833 commissis
713 799 900 841 indictam3
926 800 987 833 aut
1002 799 1101 843 quasi
1116 800 1351 843 poenitentiae
1365 810 1434 834 vox
1448 799 1542 834 dicta
1554 799 1603 833 sit
1618 810 1639 833 a
1654 809 1778 843 poena,
1794 807 1833 831 ac

497 865 568 888 non
586 853 704 898 potius
719 865 741 888 a
754 864 842 897 pone
857 854 1017 897 tenendo,
1036 854 1103 888 hoc
1122 856 1178 888 eet
1193 865 1215 888 a
1228 854 1399 897 posterius
1414 853 1652 897 intelligendo,
1672 852 1833 897 quemad·

495 908 641 942 modum
668 909 808 942 Graecis
836 910 997 951 μετάνοια·
1042 910 1101 942 aut
1124 909 1222 952 quasi
1249 909 1326 942 ideo
1351 909 1488 942 sublata
1509 909 1558 942 sit
1578 907 1780 949 satisfizctio,
1803 906 1834 940 ai

449 974 484 995 ιο
498 965 655 1007 peccator
675 963 836 996 iubeatur
856 963 1064 1006 resipiscere.
1112 963 1232 1006 Capite
1252 964 1350 997 sexto
1372 964 1475 1007 plane
1490 963 1634 996 florebat
1648 961 1705 995 illi
1725 961 1835 995 Theo-

496 1018 596 1062 logia.
655 1018 813 1061 Negabat
836 1018 1022 1061 quicquam
1044 1017 1229 1051 absurdius
1250 1018 1404 1061 potuisse
1426 1018 1504 1052 fieri
1526 1028 1632 1060 quam
1654 1015 1752 1060 quod
1774 1025 1834 1057 pro

498 1072 686 1107 ‘Dimitte'
710 1074 746 1106 et
778 1071 1041 1106 ‘Dimittimus'
1069 1081 1254 1106 nouaesem
1280 1073 1475 1115 ‘Remitte'
1500 1074 1537 1106 et
1563 1068 1834 1105 ‘Remittimua’

498 1127 697 1168 Remittere,
720 1126 846 1169 inquit,
864 1126 1015 1160 declarat
1037 1125 1166 1160 iterum
1191 1126 1234 1160 ad
1258 1127 1410 1170 aliquem
1432 1127 1581 1160 mittere.
1629 1125 1718 1168 Quis
1743 1133 1835 1157 nunc

498 1183 576 1215 orat
590 1183 630 1215 vt
646 1181 776 1214 iterum
791 1180 835 1214 ad
856 1191 894 1214 se
913 1181 1032 1214 mittat
1050 1180 1145 1214 Deus
1165 1182 1306 1223 peccata
1323 1192 1385 1225 per
1403 1181 1657 1215 contessionem
1676 1179 1836 1213 abolita?

451 1246 484 1275 ¹5
501 1235 662 1270 Demiror
685 1246 776 1278 quur
798 1245 870 1268 non
893 1235 1014 1268 eadem
1036 1246 1140 1278 opera
1161 1236 1274 1270 rideat
1295 1236 1333 1269 in
1357 1235 1525 1280 Symbolo
1547 1235 1647 1269 Fidei
1669 1236 1778 1277 atque
1798 1232 1836 1267 in

500 1290 588 1333 ipsis
602 1290 687 1323 adeo
701 1288 905 1332 Euangeliis
920 1289 1161 1323 remissionem
1181 1292 1402 1333 peccatorum
1420 1291 1525 1323 toties
1540 1290 1723 1323 iteratam:
1747 1298 1838 1332 quur

500 1345 559 1378 hic
574 1355 646 1378 non
661 1343 757 1378 iubet
772 1343 877 1377 scribi
896 1343 1163 1377 ‘Dimissionem
1175 1344 1210 1377 ’'?
1256 1344 1348 1386 Quin
1367 1344 1492 1378 iisdem
1513 1343 1664 1378 dicteriis
1685 1343 1837 1386 exagitat

499 1401 604 1442 caput
618 1398 731 1432 Lucae
748 1398 948 1441 septimum,
964 1398 1025 1432 vbi
1045 1397 1100 1431 bis
1120 1398 1263 1441 ponitur
1285 1398 1488 1432 remittendi
1505 1397 1663 1439 verbum,
1687 1398 1697 1416 ⁴
1708 1396 1837 1432 Remit-

500 1456 626 1487 tuntur
654 1452 687 1486 ei
711 1454 850 1496 peccata
874 1452 995 1493 multa,
1025 1452 1190 1496 quoniam
1216 1452 1338 1487 dilexit
1366 1453 1542 1495 multum,'
1571 1454 1608 1486 et
1637 1463 1730 1493 mox,
1760 1452 1838 1485 ‘Re-

453 1518 489 1539 20
501 1507 695 1540 mittuntur
713 1507 780 1540 tibi
800 1508 960 1549 peccata!
1005 1506 1085 1540 Non
1099 1507 1190 1540 vidit
1204 1507 1265 1540 ille
1280 1507 1442 1549 Combus,
1461 1506 1625 1551 quicquid
1639 1506 1699 1540 hic
1715 1505 1838 1540 blater-

502 1562 577 1595 auit
586 1561 625 1594 in
641 1572 756 1595 meam
766 1561 975 1602 versionem,
989 1562 1110 1595 cadere
1125 1562 1162 1594 in
1177 1561 1363 1595 lectionem
1378 1562 1651 1596 ecclesiasticam.
1678 1560 1839 1595 Secundo

502 1616 671 1650 Matthaei
685 1616 797 1658 capite
811 1627 875 1659 pro
892 1617 901 1634 ‘
910 1616 1035 1649 Omnis
1051 1616 1294 1660 Hierosolyma
1305 1616 1314 1631 ’
1328 1618 1501 1650 verteram
1519 1618 1528 1635 ‘
1538 1616 1625 1650 Tota
1640 1614 1839 1658 Hierosoly-

504 1681 645 1704 morum
674 1670 779 1710 vrba’
804 1680 876 1703 non
908 1669 1081 1704 damnans
1110 1671 1202 1714 quod
1236 1673 1310 1704 erat
1343 1681 1492 1713 versum¹
1525 1671 1587 1704 sed
1621 1669 1840 1712 explanatius

502 1725 669 1769 eloquens
684 1725 776 1768 quod
799 1724 909 1759 sensit
931 1724 1110 1767 interpres.
1160 1725 1230 1759 Hic
1249 1737 1269 1759 e
1288 1725 1586 1769 suppositionibus
1604 1724 1840 1768 sophistarum

454 1795 489 1823 ²5
503 1780 757 1814 demonstrauit
778 1790 850 1813 non
870 1790 970 1823 posse
990 1780 1140 1814 eundem
1159 1791 1233 1814 esse
1247 1791 1391 1814 sensum
1406 1780 1443 1813 in
1459 1779 1573 1814 verbis
1593 1779 1691 1821 meis,
1711 1779 1774 1823 qui
1788 1780 1842 1813 est

504 1835 544 1869 in
566 1834 684 1869 verbis
706 1834 913 1877 interpretis,
931 1837 1111 1877 propterea
1135 1835 1227 1878 quod
1250 1835 1289 1869 in
1309 1835 1399 1868 meis
1419 1845 1491 1868 non
1509 1834 1619 1877 possit
1632 1844 1707 1867 esse
1722 1845 1842 1877 suppo·

503 1890 587 1924 sitio
610 1901 672 1932 pro
696 1889 845 1933 singulis
867 1900 1035 1932 generum
1059 1891 1120 1924 aut
1142 1900 1205 1933 pro
1227 1890 1411 1932 generibus
1433 1889 1663 1932 singulorum.
1713 1888 1842 1922 Huius·

505 1944 600 1978 modi
614 1945 757 1977 naenias
769 1944 925 1987 quotidie
937 1944 1127 1978 deblaterat
1140 1945 1245 1977 homo
1256 1955 1371 1985 senex,
1384 1944 1639 1987 Theologorum
1652 1943 1842 1977 Louanien·

505 1998 599 2032 sium
615 1999 827 2041 corypheus;
856 2001 893 2032 et
913 1998 1090 2032 mirantur
1110 1999 1293 2032 Pontifieis
1313 1999 1495 2041 negocium
1509 2008 1633 2042 parum
1649 1998 1840 2040 suceedere,

458 2065 494 2092 30
508 2064 617 2096 quum
635 2063 696 2096 per
711 2053 797 2086 tales
814 2052 910 2086 hisce
925 2052 1038 2086 modis
1058 2052 1330 2087 administretur.
1378 2054 1408 2087 Ο
1423 2053 1548 2096 dignos
1567 2052 1740 2095 homines,
1757 2063 1842 2097 quoa

508 2106 641 2141 ociosos
663 2106 735 2140 alat
758 2106 912 2140 mundus
924 2116 933 2145 ;
956 2117 977 2140 o
994 2106 1211 2150 Theologum
1233 2119 1376 2151 grauem
1397 2119 1438 2141 ac
1460 2107 1617 2150 dignum,
1635 2107 1690 2141 cui
1711 2106 1843 2141 cordati

507 2161 603 2195 ciues
623 2161 764 2195 credant
785 2171 866 2194 suos
887 2160 1035 2195 liberos!
1070 2161 1116 2195 Et
1134 2162 1216 2195 huic
1236 2162 1429 2196 calumniae
1449 2162 1568 2205 paucis
1589 2162 1841 2205 respondimus.

508 2216 626 2249 Habet
653 2215 710 2248 hic
736 2217 970 2258 compotorem
997 2216 1058 2258 qui
1085 2218 1119 2249 et
1146 2216 1220 2259 ipse
1245 2217 1383 2260 magnis
1406 2216 1537 2259 vigiliis
1566 2216 1697 2250 librum
1723 2216 1763 2250 in
1788 2227 1843 2251 me

509 2271 656 2304 molitus
676 2272 739 2312 est,
758 2270 939 2304 aediturus
958 2270 990 2304 si
1004 2270 1185 2306 vicarium
1206 2272 1339 2306 ordinis
1355 2274 1476 2306 nactus
1496 2271 1542 2305 sit
1558 2282 1665 2314 aeque
1681 2271 1843 2306 insanum

459 2338 494 2366 35
509 2327 612 2368 atque
628 2326 701 2368 ipse
716 2327 779 2358 est.
827 2325 934 2358 Nulla
953 2336 1008 2358 res
1024 2325 1136 2368 magis
1150 2326 1412 2360 commendauit
1433 2325 1626 2360 Lutherum
1646 2325 1724 2359 orbi
1740 2337 1844 2371 quam

510 2380 696 2414 hominum
711 2379 915 2413 huiusmodi
926 2390 1050 2413 mores.

557 2434 651 2476 Quin
664 2436 701 2467 et
714 2434 816 2467 Nouo
828 2433 1051 2468 Testamento
1065 2434 1245 2478 prodituro
1255 2445 1362 2468 vnarn
1374 2437 1478 2478 atque
1489 2435 1636 2469 alteram
1651 2434 1845 2480 apologiam

510 2488 709 2530 adiecimus,
729 2488 929 2523 diuinanoes
952 2499 1025 2523 non
1047 2489 1227 2523 defuturos
1249 2490 1311 2533 qui
1333 2489 1636 2524 calumniarentur.
1695 2491 1788 2524 Sunt
1811 2491 1846 2524 et

548 2574 575 2600 9.
587 2567 641 2593 aut
653 2574 672 2599 γ
684 2576 690 2593 :
710 2569 741 2593 vt
753 2566 782 2595 β.
895 2573 939 2600 31.
958 2566 1140 2601 'theologum
1153 2574 1276 2601 grauem
1288 2574 1323 2594 ac
1335 2568 1397 2594 add.
1411 2567 1442 2596 β.
1542 2574 1587 2600 32.
1608 2566 1646 2595 Et
1659 2587 1667 2594 .
1679 2587 1687 2594 .
1701 2587 1709 2595 .
1721 2574 1767 2602 35.
1783 2567 1846 2603 ipae

510 2607 559 2629 est
571 2611 607 2629 a:
626 2602 702 2629 Nam
717 2602 795 2629 hanc
807 2610 924 2636 quoque
941 2603 1131 2637 prouinciam
1147 2603 1282 2637 suscipit,
1297 2610 1358 2637 quo
1376 2603 1476 2638 plures
1494 2604 1593 2630 arceat
1609 2610 1628 2630 a
1646 2603 1734 2631 bonis
1752 2604 1847 2632 liten's

512 2639 553 2669 B:
575 2638 650 2665 Nam
669 2639 747 2666 hanc
766 2639 956 2673 prouinciam
976 2659 983 2666 .
996 2659 1003 2666 .
1017 2660 1025 2667 .
1045 2639 1145 2666 literis
1162 2648 1200 2674 γε
1225 2639 1302 2666 Nam
1321 2639 1399 2666 hane
1417 2640 1605 2674 prouinciam
1623 2658 1632 2667 .
1649 2658 1658 2668 .
1671 2660 1679 2669 .
1699 2648 1761 2674 quo
1779 2640 1848 2676 plu·

513 2677 612 2701 arceat
625 2694 633 2702 .
648 2695 655 2703 .
669 2694 676 2702 .
691 2674 789 2703 literis
800 2677 826 2703 δ.

622 2785 667 2804 20.
688 2777 831 2814 Corebus]
850 2776 895 2806 Cf.
910 2777 996 2812 Verg.
1011 2779 1078 2806 Aen.
1093 2785 1119 2804 2.
1132 2785 1183 2811 341
1205 2778 1223 2805 6
1235 2777 1295 2805 and
1308 2778 1410 2812 407-8,
1422 2777 1484 2805 and
1496 2778 1618 2805 Servitia
1629 2777 1668 2805 ad
1681 2777 1737 2807 100.
