2248 3363
498 376 539 407 16
884 372 1095 407 LETTERS
1125 372 1185 407 OF
1215 371 1437 408 ERASMUS
1672 373 1824 417 [1523-4

493 470 590 494 sores
618 459 763 504 agimus,
790 460 971 504 multaque
999 459 1038 494 in
1066 459 1124 494 his
1153 470 1240 503 quae
1269 459 1441 493 vertimus
1470 470 1515 493 ex
1544 458 1683 494 Graecis
1711 471 1829 495 emen-

495 514 666 557 dauimus,
685 515 780 549 idem
793 515 920 549 facturi
935 515 1045 549 donec
1058 515 1260 549 vixerimus.

540 569 608 603 Sed
625 568 737 611 video,
757 568 809 602 mi
827 568 1000 610 Botzeme,
1021 568 1227 603 iamdudum
1247 568 1291 602 ad
1310 567 1514 611 Gatalogum
1536 579 1684 603 reuocas.
1732 568 1828 612 Ergo

494 622 701 657 Suetonium
725 623 971 667 Tranquillum
997 634 1077 657 cum
1104 622 1212 657 mirae
1237 622 1423 657 vetustatis
1452 622 1569 657 codice
1600 622 1827 664 contulimus,

465 691 481 719 5
494 687 534 710 ac
570 677 644 711 loca
686 677 857 711 nonnulla
893 677 980 711 satis
1025 677 1175 711 feliciter
1216 676 1444 719 restituimus,
1484 687 1506 710 a
1542 676 1685 711 nemine
1721 679 1828 712 antea

494 731 744 767 animaduersa.
800 732 902 766 Idem
935 732 1083 766 fecimus
1118 732 1157 765 in
1189 732 1351 775 operibus
1381 731 1558 775 Cypriani.
1615 732 1830 775 Recognoui·

495 796 576 819 mus
603 788 638 819 et
667 786 817 820 Arnobii
846 787 1114 820 commentarios
1139 786 1178 820 in
1205 797 1319 820 sacms
1345 785 1512 828 Psalmoa
1540 797 1646 829 quem
1671 786 1828 821 laborem

494 840 736 884 inscripsimus
765 841 921 875 Adriano
952 840 1116 875 Pontifici
1147 841 1306 874 Romano
1335 840 1411 874 eius
1436 840 1591 875 nominis
1615 842 1723 883 sexto,
1749 843 1828 875 tum

495 905 615 929 recens
629 894 745 930 electo.
794 895 896 929 Idem
915 895 1063 929 fecimus
1082 895 1120 928 in
1142 894 1289 937 Hilario,
1308 894 1368 938 qui
1388 894 1489 929 miris
1503 894 1618 929 modis
1633 906 1698 929 nos
1712 895 1824 930 torsit.

449 962 483 984 ιο
496 948 574 982 Hoc
599 949 726 983 laboris
751 949 988 983 dedicauimus
1017 949 1144 983 Ioanni
1170 949 1389 982 Carondileto
1416 949 1672 993 archiepiscopo
1697 949 1829 984 Panor-

495 1004 635 1046 mitano,
652 1004 767 1039 Caroli
783 1004 937 1039 Caesaris
953 1003 991 1037 in
1013 1004 1202 1038 Brabantia
1219 1003 1429 1039 Cancellario
1448 1014 1597 1037 summo.
1644 1004 1828 1039 Caeterum

493 1058 555 1092 vbi
584 1059 874 1102 perpenderemus
903 1060 1074 1102 quantum
1104 1059 1148 1092 ad
1179 1058 1389 1101 elegantiam
1423 1060 1461 1091 et
1497 1059 1632 1101 copiam
1661 1059 1829 1094 dictionis

494 1114 651 1147 adferant
674 1113 846 1147 momenti
867 1113 1061 1147 sententiae
1084 1115 1234 1156 argutae,
1260 1113 1484 1156 metaphorae
1510 1115 1617 1155 aptae,
1642 1114 1828 1157 prouerbia

494 1167 691 1211 similiaque
706 1167 890 1209 schemata,
908 1167 1171 1201 decreueramus
1191 1178 1235 1201 ex
1255 1166 1354 1201 omni
1372 1166 1583 1210 scriptorum
1603 1167 1828 1211 probatorum

448 1234 481 1263 15
495 1232 619 1265 genere
645 1232 750 1265 quam
777 1222 968 1255 maximam
993 1222 1120 1256 harum
1144 1233 1260 1256 rerum
1286 1221 1361 1255 vim
1383 1231 1576 1265 congerere,
1599 1224 1636 1256 et
1661 1222 1700 1256 in
1727 1234 1828 1257 suam

495 1287 649 1320 quaeque
679 1276 823 1310 classem
852 1276 1013 1318 digerere,
1047 1287 1115 1319 quo
1145 1276 1256 1319 magis
1285 1277 1399 1310 essent
1428 1276 1467 1310 in
1496 1278 1660 1321 promptu
1684 1277 1744 1311 his
1766 1277 1828 1321 qui

494 1331 618 1365 stilum
632 1342 786 1365 exercere
801 1331 933 1364 vellent
951 1331 996 1364 ad
1019 1331 1210 1374 parandam
1230 1331 1397 1365 orationis
1411 1331 1612 1368 facultatem
1626 1333 1663 1365 et
1677 1332 1823 1376 copiam.

494 1385 613 1420 Huius
634 1386 685 1419 rei
706 1385 899 1428 periculum
921 1385 1067 1419 fecimus
1088 1387 1171 1419 ante
1192 1395 1313 1427 annos,
1336 1385 1376 1418 ni
1397 1385 1507 1427 fallor,
1529 1385 1657 1429 viginti
1679 1389 1824 1430 septem.

495 1440 636 1474 Occasio
650 1440 718 1474 fuit
732 1441 826 1474 haec.
862 1440 909 1474 In
923 1440 1042 1474 littore
1057 1440 1262 1474 Douariensi
1278 1440 1374 1484 prius
1385 1451 1491 1484 quam
1504 1440 1703 1483 ingrederer
1716 1453 1824 1484 mam,

447 1507 482 1527 20
494 1495 716 1538 naufragium
730 1495 814 1528 fecit
828 1496 902 1528 tota
916 1506 994 1528 mea
1008 1495 1162 1537 pecunia,
1180 1506 1267 1539 quae
1290 1497 1367 1528 tum
1387 1496 1463 1528 erat
1479 1495 1613 1538 exig-ua,
1630 1496 1692 1529 sed
1705 1498 1827 1531 tamen

494 1548 585 1583 mihi
607 1549 767 1591 maxima,
792 1560 902 1593 quum
924 1548 1016 1583 nihil
1038 1551 1241 1593 superesset.
1290 1549 1333 1583 Id
1356 1550 1488 1584 factum
1514 1551 1569 1583 est
1594 1561 1615 1584 a
1640 1551 1825 1594 praefecto,

495 1614 583 1646 pene
606 1603 761 1637 dixeram
783 1614 803 1637 a
825 1603 1006 1647 praedone,
1024 1604 1154 1638 littoris
1175 1604 1270 1648 regio
1293 1603 1445 1645 nomine,
1463 1615 1572 1648 quum
1595 1603 1686 1638 mihi
1709 1604 1829 1640 Morus

495 1668 534 1690 ac
556 1657 746 1691 Montioius
763 1657 1013 1700 persuasissent
1030 1658 1123 1691 nihil
1143 1670 1218 1692 esse
1232 1658 1388 1702 periculi,
1405 1658 1476 1692 nisi
1491 1661 1667 1693 monetam
1689 1659 1829 1694 Britan·

495 1711 611 1745 nicam
633 1712 804 1746 efferrem.
849 1713 900 1745 At
922 1723 985 1755 ego
1006 1723 1070 1746 nec
1092 1712 1335 1747 Britannicam
1357 1713 1527 1747 habebam
1550 1724 1612 1747 nec
1635 1714 1674 1747 in
1696 1714 1829 1759 Anglia

446 1780 480 1809 25
494 1768 631 1810 partam
653 1767 714 1800 aut
734 1768 918 1809 acceptam.
965 1767 1098 1801 Verum
1120 1767 1158 1801 in
1181 1767 1302 1801 littore
1324 1767 1430 1801 didici
1451 1778 1524 1801 non
1546 1779 1621 1802 esse
1640 1768 1695 1802 fas
1716 1768 1829 1803 vllam

494 1822 614 1855 efferre
629 1822 819 1865 pecuniam,
837 1832 882 1855 ne
895 1822 1044 1855 ferream
1059 1821 1207 1865 quidem,
1225 1822 1317 1855 vltra
1331 1822 1484 1865 precium
1498 1833 1561 1856 sex
1574 1823 1824 1865 angelatorum.

494 1876 598 1911 Tanti
611 1876 701 1910 mihi
716 1876 874 1910 constitit
888 1876 1026 1910 vnicam
1039 1875 1152 1919 legem
1166 1876 1406 1910 Britannicam
1421 1876 1590 1911 didicisse.
1626 1876 1696 1911 Vbi
1710 1878 1829 1912 nudus

494 1931 659 1965 redissem
675 1931 860 1972 Lutetiam,
878 1941 951 1964 non
971 1930 1172 1964 dubitabam
1194 1930 1280 1975 quin
1299 1930 1406 1965 multi
1425 1933 1647 1974 expectarent
1666 1931 1827 1966 futurum

494 1987 543 2026 vt,
566 1986 656 2029 quod
683 1985 797 2019 solent
819 1985 958 2027 literati,
986 1985 1162 2019 fortunam
1185 1985 1276 2019 hane
1299 1985 1481 2019 vlciscerer
1506 1985 1646 2028 calamo,
1671 1985 1828 2020 scribens

447 2056 483 2085 30
495 2039 628 2082 aliquid
640 2039 678 2072 in
691 2039 810 2072 odium
825 2039 917 2081 regis
931 2040 991 2072 aut
1006 2039 1157 2082 Angliae
1171 2051 1179 2080 ;
1199 2039 1373 2082 simulque
1387 2039 1532 2073 verebar
1545 2050 1591 2073 ne
1602 2038 1828 2073 Guilhelmus

497 2093 693 2135 Montioius,
704 2093 870 2136 quoniam
885 2093 1025 2126 dederat
1040 2094 1253 2127 occasionem
1269 2094 1462 2137 perdendae
1477 2093 1651 2136 pecuniae,
1666 2093 1828 2127 subuere-

495 2150 593 2182 retur
618 2159 662 2181 ne
687 2150 860 2181 verterem
886 2147 1045 2180 animum
1069 2157 1152 2190 erga
1180 2158 1217 2181 se
1241 2159 1369 2182 meum.
1416 2147 1466 2182 Vt
1491 2148 1602 2191 igitur
1625 2149 1660 2181 et
1683 2148 1827 2182 illorum

494 2201 767 2245 expectationem
793 2201 960 2243 tallerem,
989 2201 1061 2235 imo
1084 2201 1201 2244 potius
1225 2202 1434 2237 declararem
1466 2214 1523 2236 me
1553 2213 1625 2236 non
1650 2213 1724 2236 esse
1750 2204 1827 2236 tam

495 2257 657 2300 iniquum
686 2258 727 2291 vt
761 2256 941 2300 priuatum
971 2266 1090 2290 casum
1121 2255 1332 2299 imputarem
1364 2257 1508 2301 regioni,
1539 2259 1601 2291 aut
1630 2258 1704 2291 tam
1734 2258 1825 2292 inco-

445 2330 480 2358 35
494 2311 666 2356 gitantem
686 2313 727 2345 vt
748 2311 791 2345 ob
811 2311 981 2345 iacturam
1001 2310 1173 2344 tantulam
1186 2311 1243 2344 vel
1263 2311 1301 2344 in
1322 2322 1380 2346 me
1393 2312 1450 2346 vel
1471 2311 1511 2345 in
1529 2311 1668 2354 amicos,
1684 2322 1772 2355 quos
1787 2312 1826 2346 in

493 2365 625 2409 Anglia
642 2366 856 2409 reliqueram,
874 2376 1095 2408 prouocarem
1114 2365 1202 2399 tanti
1223 2366 1390 2409 principis
1407 2366 1505 2407 iram,
1523 2366 1696 2409 simulque
1713 2366 1827 2401 Mont-

493 2421 564 2455 ioio
599 2432 678 2454 meo
713 2421 880 2454 testatum
916 2420 1065 2454 facerem
1097 2431 1155 2453 me
1187 2420 1302 2454 nihilo
1335 2420 1447 2455 secius
1479 2421 1642 2454 affectum
1678 2432 1754 2455 esse
1787 2421 1827 2455 in

534 2516 576 2537 ιι.
601 2509 634 2537 in
654 2509 817 2536 Brabantia
835 2507 1021 2536 Canoellario
1038 2508 1075 2537 βε
1100 2508 1270 2535 consiliario
1288 2518 1315 2535 α.
1390 2508 1425 2535 ¹6
1442 2516 1577 2542 quaeque
1589 2508 1625 2538 82
1643 2516 1786 2544 qumque
1797 2518 1823 2538 α,

498 2552 539 2579 ¹⁹·
566 2554 628 2580 “7³
654 2545 834 2573 Donariensi
847 2545 876 2574 β.
926 2552 1010 2571 mare
1021 2545 1060 2574 βε
1079 2544 1184 2572 nanim
1197 2554 1224 2573 ο..
1333 2552 1378 2572 22.
1396 2552 1474 2579 pene
1487 2563 1496 2572 .
1510 2564 1517 2572 .
1530 2564 1537 2572 .
1550 2544 1702 2579 praedone
1713 2548 1778 2574 aad.
1792 2547 1822 2577 β.

495 2582 540 2609 96»
561 2582 768 2616 angelatorum
779 2582 819 2611 B:
839 2582 1046 2609 coronatorum
1058 2589 1086 2608 α.
1254 2589 1299 2614 34.
1320 2581 1460 2615 iniquum
1471 2582 1511 2612 B:
1528 2581 1788 2611 inconsideratum
1797 2592 1825 2610 a.

495 2618 559 2645 tam
573 2618 786 2653 incogitantem
798 2619 861 2646 aad.
873 2618 904 2648 β.
1011 2624 1056 2651 3⁴¹1.
1074 2617 1173 2644 secius
1183 2617 1204 2648 β
1216 2625 1223 2644 =
1244 2625 1329 2645 secus
1340 2626 1366 2645 α.

494 2772 513 2793 ι
534 2729 578 2792 ΞΒ.
597 2729 707 2793 figuti
716 2729 849 2794 xpum]
861 2728 1012 2757 Ernsmus’
1024 2735 1160 2764 memor-y
1175 2728 1201 2756 is
1210 2729 1299 2765 again
1311 2738 1414 2766 wrong
1426 2730 1466 2766 by
1481 2729 1550 2759 four
1566 2738 1662 2766 years.
1694 2730 1739 2760 Cf.
1753 2740 1784 2768 p.
1798 2740 1827 2773 ρ,

515 2773 535 2792 n
570 2773 618 2793 see
655 2773 684 2801 p.
699 2773 712 2792 1
752 2786 760 2794 .
