2248 3363
588 393 630 426 se
680 403 691 417 -
983 390 1195 424 LETTERS
1225 389 1284 424 oi*
1315 389 1537 424 ERAsmrs
1819 388 1929 437 [1488

952 492 1008 527 13.
1057 490 1112 527 To
1139 490 1360 527 Sznvums
1385 490 1564 551 Roqmws

624 553 702 584 vita
716 552 837 584 Ernsmi
851 563 882 593 p.
901 553 965 584 166.
1722 551 1873 593 (sumn.)

626 599 724 631 Lond.
739 599 823 631 xxxi.
840 601 875 631 8:
896 599 957 630 LB.
971 598 1055 639 App.
1069 599 1138 637 480.
1714 598 1761 639 (c.
1779 599 1887 640 1488.)

636 676 811 704 ERASMVS
836 675 1120 704 ROTEBODAMVS
1143 674 1334 702 smzvamo
1359 673 1483 702 amco
1508 674 1628 702 VNIOE
1652 675 1819 705 DILEc‘ro
1843 678 1873 705 S.

630 744 686 779 V‘r
705 743 796 778 nihil
818 743 978 778 omnium
997 753 1114 776 rerum
1135 741 1332 784 iucundius,
1350 742 1442 775 nihil
1462 742 1607 776 suauius
1624 744 1678 778 est
1693 755 1799 788 quam
1814 755 1930 779 amm-0

587 800 773 842 amarique,
798 799 847 833 ita
871 809 950 832 mea
971 797 1114 841 quidem
1139 797 1323 839 sententia,
1347 797 1399 830 mi
1425 797 1571 839 Sei-uati,
1597 797 1690 831 nihil
1714 810 1758 833 ex
1783 799 1930 833 aduerso

587 853 777 895 molestius,
808 853 901 886 nihil
930 852 1126 886 infaelicius
1155 861 1260 895 quam
1287 851 1403 885 amare
1433 863 1497 886 nec
1527 853 1662 888 amari:
1699 855 1808 897 vtque
1838 854 1930 888 nihil

587 907 777 942 humanius
804 909 857 941 est
881 918 986 951 quam
1017 907 1195 940 amantem
1225 905 1411 948 redamare,
1439 906 1491 954 ita
1516 918 1652 952 quoque
1680 908 1772 941 nihil
1802 910 1857 942 est
1886 908 1930 942 ab

555 974 572 1002 5
588 963 731 996 homine
753 962 912 1004 alienius,
930 961 1021 995 ferae
1035 960 1195 1002 vicinius,
1214 971 1320 1004 quam
1341 962 1518 995 amantem
1540 961 1725 1004 aduersari,
1751 973 1795 995 ne
1816 962 1929 996 dicam

587 1017 667 1051 odio
691 1016 827 1051 habere.
876 1016 955 1050 Iam
980 1016 1069 1050 forte
1095 1014 1322 1059 suspicaberis
1348 1014 1476 1050 idcirco
1499 1015 1536 1049 id
1560 1026 1618 1049 me
1642 1017 1759 1050 texere
1782 1018 1927 1059 exordii,

585 1073 627 1106 vt
646 1082 786 1106 rursum
807 1073 843 1105 te
862 1070 952 1104 mihi
973 1070 1155 1104 conciliem
1175 1069 1427 1113 abruptumque
1450 1070 1542 1104 inter
1561 1081 1627 1104 nos
1645 1070 1793 1114 gratiam
1816 1071 1931 1106 denuo

587 1126 778 1161 resarciam.
843 1126 911 1159 Sed
943 1125 1026 1169 quid
1053 1135 1117 1168 ego
1147 1124 1184 1158 id
1211 1124 1301 1158 mihi
1333 1125 1378 1158 de
1412 1126 1511 1159 muta
1536 1125 1740 1170 promittam
1771 1125 1927 1169 epistola,

587 1180 679 1224 quod
699 1190 811 1223 neque
826 1179 1067 1213 blandimenta
1087 1190 1201 1222 neque
1219 1190 1339 1222 preces
1358 1179 1451 1213 vllae
1473 1190 1591 1215 coram
1610 1180 1708 1214 fusae
1727 1181 1928 1224 potuerunt,

539 1244 574 1265 ιο
587 1235 660 1269 imo
688 1246 734 1268 ne
763 1233 951 1268 laohrimae
977 1234 1151 1278 quidem?
1196 1232 1296 1267 Nihil
1319 1244 1341 1267 a
1365 1244 1423 1267 me
1449 1234 1665 1269 intentatum
1689 1235 1849 1269 relictum
1876 1237 1931 1269 est

588 1289 716 1333 quibus
743 1289 883 1322 animus
913 1288 1007 1322 flecti
1032 1287 1199 1322 iuuenilis
1229 1289 1362 1331 possm
1400 1290 1437 1322 at
1465 1291 1507 1323 tu
1533 1290 1718 1323 adamante
1743 1290 1862 1323 durior
1892 1290 1930 1323 in

588 1346 649 1379 tua
670 1355 778 1388 vsque
800 1343 973 1377 sententia
995 1343 1161 1386 persistis.
1209 1342 1299 1385 Quid
1327 1354 1391 1387 ego
1416 1343 1507 1377 mihi
1533 1346 1612 1387 post
1636 1344 1701 1378 hac
1727 1346 1930 1388 promittam

588 1397 742 1440 infaelh,
768 1398 829 1431 aut
853 1397 937 1440 quid
960 1397 1034 1441 spei
1056 1397 1232 1441 reliquum
1255 1398 1336 1432 est?
1381 1397 1561 1432 Rursusne
1583 1398 1683 1433 inani
1704 1399 1829 1433 sudore
1851 1410 1932 1433 cum

588 1453 740 1498 Sisypho
778 1452 945 1486 aduersus
981 1453 1139 1486 montem
1179 1463 1302 1486 saxum
1339 1452 1507 1498 incipiam
1544 1453 1713 1487 voluere?
1773 1453 1931 1487 Minime.

540 1517 573 1545 1⁵
588 1507 656 1541 Sed
686 1507 800 1551 quid?
841 1507 979 1550 Ergone
1009 1507 1145 1541 deserto
1175 1506 1287 1540 sodali
1318 1507 1446 1541 viduus
1472 1508 1508 1541 et
1535 1507 1611 1541 sine
1641 1507 1753 1542 amieo
1783 1508 1933 1542 instituo

588 1561 737 1595 viuere?
782 1563 832 1595 At
858 1561 1019 1605 equidem
1049 1561 1126 1595 sine
1151 1561 1265 1595 amico
1294 1561 1406 1595 vitam
1432 1572 1505 1595 non
1531 1562 1652 1604 vitam,
1682 1562 1755 1595 imo
1781 1564 1930 1596 mortem

588 1617 695 1658 puto;
725 1617 787 1649 aut
809 1617 909 1657 certe,
934 1616 966 1649 si
987 1616 1062 1649 vita
1083 1614 1285 1658 appellanda
1307 1617 1369 1658 est,
1395 1615 1550 1659 primum
1571 1616 1698 1650 misera
1719 1617 1782 1658 est,
1806 1616 1933 1649 deinde

588 1680 661 1704 non
677 1669 832 1704 hominis
846 1670 906 1704 sed
922 1670 1073 1704 ferarum
1088 1670 1170 1704 vita·
1220 1670 1363 1714 Egoque
1378 1681 1419 1704 eo
1436 1671 1578 1714 ingenio
1592 1681 1673 1704 sum
1687 1671 1732 1713 (si
1745 1680 1766 1704 a
1781 1681 1839 1704 me
1854 1671 1930 1713 ipso

589 1724 785 1759 laudandus
804 1724 896 1767 sum)
915 1725 957 1759 vt
978 1724 1070 1758 nihil
1088 1724 1127 1757 in
1147 1724 1211 1758 hac
1226 1724 1301 1758 vita
1319 1724 1494 1759 amicitiae
1513 1725 1777 1759 anteferendum
1797 1725 1928 1768 putem,

538 1788 574 1809 ²0
588 1779 680 1814 nihil
713 1779 851 1814 auidius
889 1779 1133 1823 expetendum,
1166 1779 1258 1813 nihil
1295 1779 1484 1814 studiosius
1521 1778 1808 1814 conseruandum.
1868 1779 1932 1813 ve-

587 1836 777 1869 runtamen
800 1835 966 1878 quoniam
989 1834 1087 1868 iuxta
1108 1834 1306 1878 Vergilium

815 1904 865 1937 Te
888 1914 1066 1947 nunquam
1089 1903 1202 1936 nostri
1224 1903 1388 1946 poterunt
1410 1904 1546 1936 mutare
1568 1902 1710 1945 labores,

587 1973 662 2016 hae,
681 1984 787 2016 quam
803 1972 963 2006 omnium
980 1971 1071 2006 mihi
1085 1971 1186 2015 cupio
1202 1970 1363 2013 maxime,
1382 1970 1568 2005 carendum
1583 1971 1674 2005 mihi
1689 1972 1751 2006 est.
1794 1972 1932 2005 Durum

589 2026 741 2070 quidem,
781 2026 840 2060 sed
878 2026 991 2060 leuius
1028 2027 1070 2060 fit
1107 2026 1277 2070 patientia
1314 2025 1483 2070 quidquid
1521 2025 1690 2070 corrigere
1728 2028 1782 2060 est
1823 2026 1930 2059 nefas.

539 2089 573 2116 ²5
590 2080 796 2124 Quanquam
816 2082 943 2123 autem,
963 2081 1013 2114 mi
1034 2081 1170 2115 seruati
1191 2080 1402 2122 charissime,
1422 2081 1461 2114 tu
1482 2080 1552 2114 iam
1568 2079 1705 2114 Erasmi
1727 2080 1779 2113 tui
1801 2079 1936 2113 oblitus

589 2146 627 2169 es
654 2135 788 2178 (loquar
812 2135 908 2168 enim
939 2135 1105 2178 mollius),
1137 2135 1197 2169 ille
1223 2136 1341 2170 tamen
1369 2135 1519 2168 Seruatii
1548 2135 1604 2169 sui
1634 2137 1670 2169 et
1701 2135 1866 2168 meminit
1895 2137 1933 2169 et

589 2188 802 2231 meminerit,

772 2257 868 2292 Dum
890 2268 1027 2291 memor
1048 2258 1123 2301 ipse
1145 2257 1211 2298 sui,
1238 2256 1324 2291 dum
1345 2257 1491 2301 spiritus
1512 2256 1608 2291 illius
1629 2257 1725 2291 artus

589 2326 771 2362 habitabit.
819 2326 874 2360 'l'u
894 2326 999 2360 illum
1022 2327 1235 2368 contemnas,
1259 2328 1298 2361 tu
1320 2326 1496 2368 auen-seris,
1513 2327 1554 2360 tu
1577 2325 1674 2360 odias
1699 2325 1840 2367 licebit;
1871 2325 1932 2359 ille

539 2393 576 2423 ³0
589 2385 710 2417 tamen
724 2382 760 2416 te
775 2391 956 2424 nunquam
972 2392 1045 2414 non
1059 2392 1174 2415 amare
1188 2381 1323 2424 poterit,
1342 2392 1415 2415 non
1430 2381 1549 2423 colere,
1568 2391 1641 2415 non
1654 2380 1845 2414 obseruare.

635 2437 811 2472 Hesterna
841 2436 904 2478 die,
932 2436 985 2469 mi
1011 2435 1155 2478 Seruati,
1184 2435 1316 2479 aliquid
1348 2435 1466 2469 solatii
1497 2434 1716 2478 praebiturus
1746 2436 1782 2469 te
1812 2445 1933 2469 conue-

591 2492 733 2534 nissem,
763 2491 834 2525 nisi
860 2490 926 2524 tibi
953 2501 1062 2533 vsque
1086 2490 1171 2524 adeo
1200 2489 1431 2534 praesentiam
1458 2500 1573 2523 meam
1599 2488 1784 2523 molestam
1811 2500 1934 2533 cogno·

592 2557 744 2590 scerem3
781 2545 942 2580 videbam
971 2544 1067 2579 enim
1100 2545 1307 2579 immutatos
1336 2544 1457 2579 vultus
1487 2546 1574 2586 tuos
1608 2543 1778 2578 demissos
1803 2538 1929 2582 oculos.

591 2602 742 2636 colorem
763 2600 974 2641 subtristem,
997 2602 1102 2643 atque
1120 2599 1237 2634 omnis
1254 2599 1405 2643 corporis
1425 2599 1544 2643 gestus
1562 2598 1679 2633 nescio
1699 2597 1784 2641 quid
1805 2597 1937 2631 doloris

629 2698 656 2721 4.
675 2695 794 2723 quoque
803 2689 896 2721 scripsi
907 2697 914 2714 :
939 2695 998 2722 que
1011 2686 1060 2714 0¹:
1077 2695 1127 2714 om.
1142 2688 1195 2714 LB.
1273 2694 1314 2722 ¹5-
1330 2686 1357 2714 οῖ
1371 2695 1378 2714 ι
1397 2686 1540 2714 instituto
1550 2687 1632 2714 lond.
1646 2695 1653 2713 ε
1672 2685 1834 2713 instituam
1844 2686 1898 2712 LB.

703 2779 745 2799 21.
766 2771 949 2808 Vergilium]
960 2770 998 2800 cs.
1011 2773 1065 2800 Ed.
1084 2779 1127 2800 xo.
1139 2771 1185 2804 64.
1317 2769 1364 2799 28.
1385 2769 1480 2806 Dum]
1495 2769 1532 2798 cf.
1544 2769 1629 2804 Verg.
1643 2771 1708 2796 Aen.
1720 2777 1747 2802 4.
1759 2769 1824 2804 336.
