2248 3363
489 380 533 412 28
880 377 1091 413 LETTERS
1121 376 1181 412 OF
1209 376 1432 411 ERASEUS
1717 372 1825 422 [¹5²⁴

489 466 679 509 impetierit
694 468 730 500 et
743 466 874 499 samam
889 467 926 499 et
939 465 1049 498 vitam
1065 463 1179 498 amici.
1229 463 1321 497 Nam
1336 462 1482 497 omnino
1501 473 1559 497 res
1577 462 1653 507 ipsa
1666 460 1829 506 loquitur

490 520 691 555 Huttenum
716 531 787 554 non
810 520 880 554 alio
904 519 1051 553 consilio
1072 518 1253 562 scripsisse
1274 517 1325 552 sic
1347 517 1385 551 in
1409 528 1476 558 me,
1500 527 1606 561 quam
1628 518 1669 551 vt
1692 516 1829 551 calamo

489 574 666 618 iugulat-et
688 585 794 618 quem
813 573 930 617 gladio
950 584 1021 607 non
1040 574 1184 617 poterat.
1232 573 1280 607 Et
1299 573 1339 605 vt
1358 572 1428 606 sibi
1443 572 1628 606 videbatur
1642 571 1703 605 vir
1715 571 1827 613 fort-ig

490 628 541 662 sic
558 628 752 672 cogitabat:
781 627 984 662 ‘Seniculus
1004 629 1065 669 eet,
1083 627 1358 661 valetudinarius
1378 628 1441 667 est,
1458 626 1684 660 meticulosus
1703 627 1744 660 et
1764 626 1828 660 im·

462 696 479 723 5
490 683 625 717 becillis
640 685 703 723 est,
721 693 803 716 mox
821 682 952 717 efflabit
970 682 1134 724 animam,
1151 682 1213 715 vbi
1226 681 1350 724 legerit
1366 682 1448 714 haee
1462 683 1537 714 tam
1551 680 1705 715 atrociass
1751 680 1829 715 Hoc

491 736 596 770 illum
611 737 789 781 cogitasse,
806 748 908 770 voces
921 736 1028 771 etiam
1045 747 1129 779 quas
1144 736 1294 770 iactabat
1309 736 1511 779 arguebant.

539 791 641 825 Nunc
662 792 842 835 appellabo
868 790 1116 825 conscientiam
1142 790 1288 824 illorum
1312 790 1374 833 qui
1403 790 1607 824 Huttenum
1637 789 1830 824 domestice

493 847 673 886 nouerant,
696 857 896 889 quanquam
918 847 954 879 et
975 845 1016 880 hi
1038 844 1164 888 quibus
1186 856 1268 879 cum
1290 844 1354 878 illo
1377 844 1477 878 nulla
1498 845 1573 878 erat
1595 843 1827 886 familiaritas,

493 901 626 934 norunt
646 911 751 943 quam
773 899 879 934 fuerit
901 900 1016 934 omnis
1037 899 1133 933 illius
1154 899 1230 934 vita
1251 899 1425 941 militaris,
1447 909 1493 932 ne
1512 898 1621 932 verbo
1641 900 1725 933 vtar
1746 909 1832 933 aoso·

445 968 480 989 10
493 954 610 989 biore:
636 956 671 989 et
688 956 803 988 tamen
818 956 856 988 in
870 956 945 989 tota
960 954 1113 997 Spongia
1127 964 1301 997 nusquam
1315 953 1441 987 obiicio
1455 952 1591 994 luxum,
1606 963 1714 995 quem
1728 952 1830 986 illum

493 1020 556 1044 uec
571 1009 782 1043 miserabilis
793 1009 856 1043 ille
866 1008 1011 1043 morbus
1022 1008 1186 1042 dedocere
1194 1008 1317 1051 potuit,
1328 1019 1503 1051 nusquam
1514 1006 1624 1042 aleam
1636 1009 1699 1040 aut
1708 1009 1829 1048 scorta,

492 1074 665 1109 nusquam
686 1063 885 1106 profusione
906 1055 1082 1098 decoctam
1105 1062 1299 1105 pecuniam,
1322 1063 1511 1096 conflatum
1533 1071 1592 1096 ses
1611 1061 1771 1096 alienum
1793 1071 1832 1096 ac

491 1119 679 1154 frustratos
694 1118 890 1152 creditores.
921 1118 1000 1151 Iam
1015 1118 1078 1151 illa
1092 1117 1247 1151 facinora
1259 1127 1347 1160 quae
1358 1115 1566 1160 designauit,
1575 1118 1714 1150 extorta
1724 1127 1748 1151 a
1757 1116 1833 1151 on»

493 1172 710 1207 tusiensibus
717 1172 874 1215 pecunia,
881 1172 1052 1207 truncatis
1061 1171 1194 1215 aliquot
1203 1171 1392 1212 monachis,
1398 1170 1569 1214 impetitis
1577 1170 1616 1206 in
1626 1170 1684 1204 via
1692 1171 1833 1215 publica

446 1237 480 1267 ¹⁵
494 1226 608 1261 tribus
638 1226 830 1267 abbatibus,
861 1226 906 1260 ob
937 1226 1043 1269 quod.
1060 1226 1192 1260 facinus
1221 1236 1333 1259 vnum
1362 1236 1382 1258 e
1407 1224 1554 1259 famulis
1576 1225 1832 1267 deprehensum

494 1280 681 1316 decollauit
710 1281 834 1314 Comes
863 1280 1205 1322 Palatinus—haec,
1239 1280 1392 1322 inquam,
1426 1281 1530 1322 atque
1559 1279 1667 1313 huius
1696 1280 1833 1323 generis

494 1335 667 1378 permulta
688 1335 796 1368 etiam
820 1335 970 1378 populus
990 1335 1120 1378 vbique
1145 1334 1266 1376 nouit;
1295 1345 1358 1377 ego
1382 1335 1502 1367 tamen
1526 1333 1618 1367 nihil
1643 1333 1773 1368 horum
1796 1334 1832 1367 in

495 1389 649 1433 Spongia
670 1390 802 1432 rofi-ico,
819 1400 883 1423 neo
904 1389 945 1423 in
967 1390 1105 1423 hostem
1127 1400 1247 1432 rogero
1269 1400 1352 1423 vera
1372 1390 1524 1431 notaque
1545 1387 1703 1430 erimina,
1723 1398 1832 1432 quum

494 1445 555 1491 ille
579 1444 617 1478 in
641 1444 796 1479 amicum
820 1446 926 1488 atque
952 1444 1061 1478 etiam
1086 1443 1173 1477 bene
1202 1443 1368 1477 meritum
1398 1445 1536 1477 tantam
1565 1442 1833 1477 falsissimorum

449 1511 484 1530 20
496 1499 685 1533 eriminum
701 1499 852 1533 Lernam
868 1498 1174 1541 impudentissime
1189 1498 1408 1541 congesserit.
1457 1498 1508 1533 At
1527 1497 1567 1530 in
1586 1498 1660 1531 tota
1682 1498 1833 1542 Spongia

497 1554 636 1588 nullum
669 1553 864 1597 praedonis,
889 1553 1040 1596 raptoris
1069 1554 1131 1587 aut
1152 1553 1299 1599 latronis
1327 1554 1388 1586 aut
1411 1552 1598 1586 decoctoris
1620 1552 1830 1587 conuicium.

497 1607 590 1642 Nam
613 1607 704 1650 quod
727 1607 802 1641 illic
825 1607 863 1642 in
885 1618 1011 1651 genere
1037 1607 1173 1648 dicitur,
1199 1607 1243 1643 ad
1269 1607 1400 1641 nullius
1422 1606 1673 1641 contumeliam
1703 1607 1764 1641 sed
1791 1606 1834 1640 ad

498 1662 658 1696 omnium
668 1662 858 1697 vtilitatem
873 1662 1035 1705 pertinet.
1067 1662 1115 1695 Et
1129 1663 1215 1696 sunt
1229 1662 1354 1705 quibus
1368 1661 1488 1696 videor
1501 1661 1602 1694 atrox
1616 1661 1655 1694 in
1669 1661 1832 1705 spongia

499 1717 593 1760 Quas
608 1727 719 1759 nugas
734 1716 795 1750 ille
808 1717 1052 1759 expostulator,
1072 1727 1177 1759 quam
1192 1715 1367 1750 atrocibus
1382 1715 1498 1749 verbis
1512 1717 1715 1758 exaggerat!
1761 1716 1836 1759 Ego

451 1783 485 1810 ²5
499 1772 538 1805 in
562 1773 638 1805 tam
660 1771 782 1805 multis
805 1773 841 1806 ct
863 1770 970 1815 vulgo
994 1770 1089 1806 uotis
1111 1781 1156 1804 an
1180 1782 1252 1805 non
1276 1770 1467 1814 potuissem
1489 1780 1563 1804 esse
1585 1770 1747 1813 disertus,
1765 1770 1837 1805 nisi

499 1838 616 1863 meum
633 1825 815 1869 ingenium
830 1826 1055 1860 vehementer
1069 1825 1271 1860 abhorreret
1284 1835 1306 1858 a
1318 1825 1589 1860 maledicentia?
1627 1825 1682 1859 De
1694 1827 1837 1870 vulgata

498 1882 543 1915 ad
565 1882 664 1918 eard.
687 1881 935 1925 moguntinum
957 1880 1104 1924 epistola
1123 1880 1173 1914 sio
1195 1880 1313 1921 refero,
1331 1881 1372 1913 vt
1394 1879 1468 1923 ipse
1488 1880 1585 1914 solus
1606 1879 1715 1915 fuerit
1736 1880 1837 1915 intel-

498 1937 662 1971 lecturus.
710 1937 872 1972 Alterum
893 1936 1028 1972 facinus
1048 1935 1114 1969 hoc
1132 1935 1239 1968 etiam
1260 1935 1477 1977 perfidiosius
1498 1946 1563 1969 nec
1581 1935 1729 1979 attingo,
1747 1935 1835 1979 quod

499 1994 676 2033 vtrunque
691 1990 925 2025 condonatam
944 1989 1116 2024 amicitiae
1138 1991 1299 2030 nostrae;
1325 1990 1361 2022 et
1383 1989 1444 2022 ille
1465 1989 1608 2032 putabat
1629 1999 1780 2032 aequum
1797 1991 1837 2024 vt

453 2054 489 2082 30
502 2045 547 2078 ob
570 2046 771 2078 excusatum
796 2044 1010 2087 colloquium
1036 2044 1087 2077 sic
1117 2043 1383 2077 debaccharetur
1411 2043 1449 2077 in
1478 2043 1642 2085 amicum,
1665 2044 1771 2087 idque
1799 2044 1838 2078 in

501 2098 650 2142 gratiam
681 2097 786 2132 vnius
816 2100 876 2132 aut
906 2097 1056 2139 alterius,
1082 2098 1291 2141 quibuscum
1319 2099 1538 2133 contraxerat
1567 2109 1696 2132 nouam
1725 2097 1840 2133 amici·

502 2153 589 2187 tiam
610 2152 680 2195 ipsi
700 2163 771 2186 non
788 2163 916 2195 magno
930 2152 1086 2188 futuram
1101 2152 1191 2187 vsui.
1241 2152 1280 2188 Si
1294 2152 1385 2186 falsa
1405 2151 1553 2187 crimina
1571 2152 1671 2186 falsis
1687 2152 1840 2188 retaliat-

503 2218 589 2249 sem,
606 2219 668 2251 par
689 2207 765 2250 pari
784 2207 936 2241 relatum
957 2209 1040 2249 erat,
1059 2206 1128 2242 nisi
1147 2207 1239 2250 quod
1260 2206 1477 2250 plausibilior
1496 2209 1550 2241 est
1564 2207 1639 2241 eius
1654 2217 1759 2242 causa
1779 2207 1840 2251 qui

503 2262 683 2297 lacessitus
696 2261 813 2304 prodit
829 2262 868 2295 in
883 2272 1047 2304 pugnam.
1096 2261 1199 2296 Nunc
1213 2261 1357 2297 acerbus
1371 2261 1501 2303 videor,
1520 2261 1580 2305 qui
1596 2261 1646 2295 sic
1660 2261 1841 2297 lacessitus

455 2326 489 2354 ³5
504 2318 558 2352 tot
579 2316 817 2361 sycophantiis
840 2327 885 2350 ne
906 2316 1000 2351 veris
1020 2316 1158 2361 quidem
1180 2327 1218 2350 ac
1240 2316 1370 2359 populo
1385 2316 1478 2350 notis
1496 2315 1703 2351 criminibus
1717 2316 1843 2351 abutor

505 2371 548 2406 ad
580 2372 651 2407 mei
681 2372 927 2406 defensionem.
985 2371 1062 2407 Iam
1093 2371 1133 2406 in
1162 2371 1335 2405 inuidiam
1370 2371 1442 2404 mei
1471 2371 1661 2414 vulgarunt
1698 2370 1842 2405 Martini

505 2427 651 2462 Lutheri
687 2426 881 2470 epistolam,
912 2426 1078 2469 priuatim
1116 2425 1162 2460 ad
1197 2425 1351 2461 amicum
1388 2425 1563 2471 scriptam,
1595 2425 1639 2459 de
1676 2426 1840 2470 Spongia.

544 2556 589 2582 27.
611 2547 839 2582 fleguntinuml
853 2547 947 2574 Lond.
962 2548 1014 2574 xii.
1029 2555 1072 2579 ιο,
1089 2547 1145 2574 LB.
1202 2547 1239 2574 dc
1250 2546 1374 2576 Era-mo
1383 2547 1530 2581 priuatim
1540 2547 1775 2582 scriptun-sindo
1783 2547 1844 2575 alia

508 2592 573 2618 477,
586 2585 620 2611 in
632 2584 732 2611 which
751 2584 896 2611 Erasmus
912 2584 1019 2618 speaks
1031 2583 1102 2611 well
1118 2583 1151 2610 of
1202 2583 1242 2611 ad
1256 2583 1447 2611 Fabricium!
1475 2584 1537 2611 The
1550 2583 1661 2610 former
1674 2585 1699 2610 is
1711 2583 1843 2611 rafaneu

509 2620 632 2648 Luther.
1204 2620 1241 2654 by
1252 2619 1290 2646 de
1300 2620 1401 2648 Wette
1414 2621 1445 2647 to
1458 2619 1515 2649 LE.
1526 2627 1578 2654 401
1590 2619 1623 2646 of
1633 2620 1669 2646 28
1681 2620 1752 2655 luy
1763 2628 1842 2655 1⁵²⁸·

546 2664 589 2691 37.
606 2656 747 2692 Lutheri]
755 2655 971 2692 Apparentlya
980 2654 1145 2684 confusion.
1203 2656 1364 2691 published
1377 2664 1398 2684 ι.
1412 2665 1438 2684 α.
1454 2659 1478 2683 et
1492 2659 1510 2685 l.
1525 2664 1557 2683 as
1569 2658 1705 2683 Iudicium
1717 2658 1751 2684 D.
1765 2659 1843 2685 Nm

509 2693 574 2720 'rho
586 2693 675 2720 letter
686 2694 778 2720 about
789 2694 840 2720 the
850 2695 967 2726 sponqia
978 2693 1005 2720 is
1015 2692 1072 2720 LE.
1083 2700 1146 2727 533,
1204 2694 1311 2720 Lutheri
1332 2695 1363 2719 dc
1385 2695 1496 2720 &memo
1513 2694 1691 2720 Rauracum.

509 2728 601 2756 dated
631 2737 644 2755 1
671 2729 734 2757 Oct.
763 2737 843 2764 1523,
868 2730 903 2757 in
931 2728 1033 2756 which
1062 2729 1149 2755 these
1205 2731 1242 2755 aa
1266 2731 1390 2763 amicum,
1413 2729 1472 2756 and
1496 2729 1560 2757 also
1584 2736 1677 2764 many
1697 2729 1791 2758 times
1810 2729 1843 2757 in

509 2765 609 2794 words
620 2773 716 2801 occur,
730 2769 738 2780 ¹
747 2766 829 2794 edita
841 2768 888 2795 est
900 2767 932 2794 et
944 2773 1011 2794 mea
1024 2764 1150 2801 epistola
1205 2765 1345 2793 German.
1382 2765 1445 2794 The
1462 2765 1555 2794 latter
1566 2764 1638 2794 does
1650 2767 1704 2794 not
1715 2773 1845 2795 concern
