2248 3363
490 391 513 422 c
880 373 1090 422 mamas
1119 388 1180 423 or
1209 387 1429 422 ERASMUS
1713 384 1822 432 [1523

490 477 612 518 agente
627 474 853 518 prodiderunt
867 473 1036 515 formulis,
1054 485 1127 508 non
1141 473 1218 508 sine
1234 474 1346 508 famae
1360 484 1457 507 meae
1472 473 1613 515 iactura,
1631 473 1732 517 plura
1746 485 1825 517 pro·

492 530 598 564 dituri
613 529 651 563 ni
667 528 841 563 redissem.
878 528 968 562 Nam
982 539 1121 562 carmen
1137 539 1279 571 prorsus
1294 528 1533 571 extemporale,
1545 540 1613 572 quo
1627 529 1824 572 gratulatus

490 594 572 618 sum
595 583 759 625 Philippo
784 583 937 626 primum
961 594 1005 617 ex
1028 583 1202 625 Hispania
1227 583 1353 625 reduci,
1382 582 1456 625 ipse
1482 582 1600 616 curaui
1625 583 1822 617 aedendum

492 640 574 672 ante
604 649 722 679 annos,
755 638 794 671 ni
822 637 932 679 fallor,
962 637 1091 681 viginti
1120 639 1199 671 tres.
1258 637 1325 671 Sed
1356 637 1469 671 multo
1499 638 1596 680 prius
1625 637 1824 672 aedideram

463 707 480 735 5
492 703 631 727 carmen
645 692 782 726 heroico
804 692 1005 725 hexametro
1024 694 1059 725 et
1078 691 1228 725 iambico
1249 692 1407 725 trimetro
1427 692 1578 725 mixtum
1600 692 1643 726 de
1661 692 1825 726 laudibus

491 747 583 790 regis
602 747 749 780 Henrioi
769 746 910 789 septimi
925 748 961 779 et
979 746 1076 780 illius
1096 746 1294 787 liberorum,
1312 756 1375 780 nec
1391 757 1462 780 non
1480 746 1589 789 ipsius
1607 747 1821 780 Britanniae.

494 802 532 835 Is
554 803 627 835 erat
648 801 743 834 labor
766 800 884 844 tridui,
908 802 944 834 et
969 802 1086 834 tamen
1113 800 1219 842 labor,
1247 800 1338 843 quod
1365 801 1438 834 iam
1465 812 1576 835 annos
1600 801 1730 844 aliquot
1756 811 1823 834 nec

491 856 644 899 legeram
666 866 730 889 nec
751 855 956 898 scripseram
977 855 1092 889 vllum
1114 865 1263 890 carmen.
1321 855 1365 889 Id
1393 857 1521 898 partim
1544 855 1654 898 pudor
1675 867 1697 889 a
1719 855 1823 889 nobis

492 910 644 951 extorsit,
661 910 789 952 partim
809 909 915 944 dolor.
960 910 1179 944 Pertmorat
1200 920 1257 943 me
1278 910 1431 944 Thomas
1452 910 1578 951 Morus,
1597 910 1655 954 qui
1671 912 1749 944 tum
1763 920 1823 943 me

445 976 480 997 ro
493 964 532 999 in
553 965 691 1009 praedio
713 964 871 998 Montioii
889 965 1050 1007 agentem
1071 963 1248 1005 inuiserat,
1266 965 1307 997 vt
1321 964 1433 998 animi
1451 975 1553 997 causa
1568 963 1606 997 in
1621 963 1822 1006 proximum

490 1019 609 1053 vicum
621 1019 881 1062 expatiaremur.
931 1018 1022 1052 Nam
1035 1019 1108 1052 illic
1124 1018 1362 1052 educabantur
1376 1029 1498 1052 omnes
1513 1018 1616 1052 liberi
1638 1018 1733 1061 regii,
1750 1029 1822 1051 vno

490 1075 641 1108 Arcturo
655 1075 804 1116 excepto,
821 1073 882 1116 qui
896 1074 974 1107 tum
994 1074 1068 1106 erat
1087 1074 1173 1107 natu
1194 1073 1376 1107 maximus.
1424 1073 1493 1107 Vbi
1511 1075 1656 1106 ventum
1672 1074 1762 1106 esset
1782 1072 1820 1106 in

491 1129 617 1170 aulam,
635 1127 799 1162 conuenit
821 1129 895 1161 tota
917 1138 1053 1170 pompa,
1070 1138 1141 1161 non
1161 1127 1277 1161 solum
1300 1127 1426 1161 domus
1447 1127 1544 1161 illius
1566 1137 1689 1161 verum
1712 1127 1821 1161 etiam

492 1182 720 1216 Montioiicae.
767 1181 890 1216 Stabat
920 1181 958 1215 in
985 1181 1101 1215 medio
1126 1181 1301 1215 Henricus
1323 1192 1434 1216 annos
1456 1184 1561 1216 natus
1587 1192 1725 1223 nouem,
1751 1181 1823 1215 iam

447 1249 479 1278 ¹5
493 1238 571 1271 tum
592 1236 747 1270 indolem
769 1235 944 1279 quandam
966 1236 1095 1278 regiam
1118 1247 1200 1278 prae
1223 1247 1261 1270 se
1282 1236 1407 1277 ferens,
1427 1236 1493 1270 hoc
1514 1238 1568 1270 est
1590 1236 1701 1270 animi
1724 1236 1823 1269 celsi·

494 1290 652 1324 tudinem
666 1300 747 1323 cum
761 1290 931 1332 singulari
949 1291 1097 1333 quadam
1116 1290 1336 1324 humanitate
1356 1291 1587 1324 coniunctam.
1632 1291 1669 1324 A
1691 1291 1824 1324 dextris

493 1346 567 1379 erat
582 1345 783 1388 Margareta,
800 1344 962 1378 vndecim
982 1344 1092 1378 ferme
1111 1355 1223 1378 annos
1244 1346 1335 1386 nata,
1353 1356 1441 1388 quae
1461 1346 1540 1388 post
1559 1345 1679 1388 nupsit
1693 1345 1821 1379 Iacobo

492 1399 675 1433 Scotorum
704 1398 786 1442 regi.
842 1399 878 1432 A
903 1398 1055 1432 sinistris
1086 1398 1196 1432 Maria
1225 1398 1384 1440 lusitane,
1415 1410 1525 1433 annos
1553 1401 1638 1433 nata
1663 1401 1821 1443 quatuor.

493 1454 585 1488 Nam
621 1453 825 1487 Edmondus
854 1452 966 1487 adhue
997 1452 1116 1486 infans
1144 1453 1184 1486 in
1214 1453 1311 1486 vlnis
1340 1453 1547 1496 gestabatur.
1592 1453 1712 1487 Morus
1741 1465 1822 1487 cum

446 1521 480 1542 ιο
492 1508 651 1542 Amoldo
688 1507 799 1542 sodali
836 1507 986 1541 salutato
1024 1518 1128 1550 puero
1167 1507 1328 1550 Henrico,
1371 1519 1438 1551 quo
1475 1519 1553 1551 rege
1591 1519 1685 1542 nunc
1720 1508 1823 1542 floret

492 1562 686 1603 Britannia,
703 1561 818 1595 nescio
834 1562 915 1605 quid
932 1561 1141 1604 scriptorum
1156 1562 1292 1596 obtulit.
1339 1562 1421 1605 Ego,
1439 1562 1605 1606 quoniam
1619 1562 1824 1597 huiusmodi

493 1616 585 1650 nihil
615 1616 847 1659 expectabam,
879 1616 969 1650 nihil
1000 1616 1132 1649 habens
1169 1616 1260 1659 quod
1290 1616 1498 1659 exhiberem,
1530 1617 1706 1660 pollicitus
1742 1627 1823 1650 sum

494 1671 610 1713 aliquo
641 1672 746 1713 pacto.
765 1680 884 1704 meum
909 1680 990 1713 erga
1018 1671 1133 1713 ipsum
1160 1671 1315 1705 studium
1341 1671 1528 1714 aliquando
1557 1672 1833 1714 declaraturum„

494 1724 643 1758 Interim
670 1724 908 1758 subirascebar
935 1724 1032 1758 Moro
1059 1725 1150 1768 quod
1175 1735 1246 1758 non
1272 1727 1556 1768 praemonuisset,
1581 1728 1617 1759 et
1643 1737 1684 1759 eo
1711 1725 1825 1769 magis

447 1796 481 1824 ²5
494 1779 584 1823 quod
601 1790 686 1822 puer
700 1779 860 1822 epistolio
877 1778 972 1813 inter
991 1779 1233 1822 prandendum
1249 1780 1292 1814 ad
1308 1791 1366 1813 me
1383 1780 1491 1814 misso
1511 1790 1630 1814 meum
1648 1780 1824 1814 calamum

493 1835 701 1878 prouocaret.
749 1834 832 1867 Abii
856 1834 1009 1875 domum,
1038 1845 1078 1867 ac
1104 1834 1160 1867 vel
1187 1834 1309 1868 inuitis
1338 1835 1456 1875 Musis,
1484 1845 1565 1868 cum
1596 1834 1722 1877 quibus
1752 1833 1824 1868 iam

494 1888 637 1932 longum
668 1889 784 1922 fuerat
810 1888 1010 1930 diuortium,
1036 1899 1176 1922 carmen
1201 1888 1296 1921 intra
1322 1889 1479 1922 triduum
1510 1889 1654 1923 absolui.
1700 1889 1758 1923 Sic
1788 1890 1824 1922 et

492 1943 588 1976 vltus
603 1953 681 1976 sum
696 1942 852 1976 dolorem
866 1951 985 1976 meum
1001 1944 1036 1976 et
1050 1942 1220 1985 pudorem
1236 1942 1331 1976 sarsi.
1379 1943 1547 1976 Aeditum
1561 1945 1613 1977 est
1628 1945 1664 1977 et
1685 1954 1825 1977 carmen

494 1996 692 2030 rudimenta
715 1997 947 2040 complectens
969 1997 1122 2031 hominis
1147 1997 1346 2032 Christiani.
1395 1996 1438 2031 Id
1469 1997 1638 2040 scriptum
1662 1999 1717 2031 est
1742 1998 1825 2032 stilo

446 2067 481 2094 30
494 2051 760 2094 simplicissimo.
807 2051 864 2085 Sic
890 2051 984 2085 enim
1008 2052 1112 2086 iussit
1141 2052 1292 2086 Ioannes
1318 2052 1467 2093 Ooletus,
1494 2052 1556 2095 qui
1581 2054 1658 2086 tum
1684 2052 1825 2096 magnis

494 2105 683 2148 impendiis
706 2116 836 2138 nouum
860 2105 984 2139 ludum
1006 2105 1198 2140 literarium
1221 2106 1429 2147 instituerat,
1456 2107 1494 2140 in
1517 2117 1584 2150 quo
1606 2117 1678 2140 non
1703 2107 1824 2141 minus

493 2160 532 2193 in
554 2160 682 2202 pietate
705 2171 810 2202 quam
832 2161 869 2193 in
891 2160 1046 2195 doctrina
1061 2161 1197 2194 volebat
1219 2161 1357 2195 institui
1378 2161 1587 2204 formarique
1609 2161 1825 2205 puericiam;

494 2214 553 2248 vir
588 2215 684 2249 enim
723 2215 891 2258 singulari
931 2216 1117 2258 prudentia
1155 2216 1329 2258 praeditus
1366 2215 1491 2249 videns
1525 2216 1681 2249 seculum
1717 2227 1823 2250 suum

493 2268 820 2312 deploratissimum,
839 2272 992 2303 teneram
1014 2271 1164 2303 aetatem
1185 2270 1322 2312 delegit,
1339 2271 1378 2303 vt
1398 2281 1530 2304 nouum
1551 2270 1683 2304 Christi
1697 2271 1824 2305 vinum

447 2340 481 2367 35
494 2326 597 2361 nouis
612 2325 750 2359 vtribus
765 2326 1006 2360 committeret.

539 2380 682 2413 Vertere
698 2390 876 2423 coeperam
892 2380 1087 2424 Podagram
1102 2379 1246 2414 Luciani
1262 2380 1421 2422 priorem,
1441 2391 1528 2424 opus
1543 2380 1633 2414 mire
1647 2381 1823 2422 festiuum,

1012 2477 1055 2495 12.
1074 2469 1151 2495 esset
1162 2477 1197 2496 a:
1216 2469 1262 2495 est
1273 2468 1303 2498 8.

530 2571 556 2595 4.
575 2562 687 2597 viginti
715 2561 790 2597 tres]
818 2561 968 2588 Erasmus·
993 2568 1130 2596 memory
1186 2561 1335 2595 Margaret
1351 2569 1391 2588 on
1404 2568 1440 2594 ⁹9
1452 2561 1526 2588 Nov.
1543 2561 1621 2595 1489.
1663 2560 1749 2595 Mary
1761 2569 1824 2588 was

494 2598 521 2625 is
533 2605 635 2633 wrong
648 2599 688 2633 by
700 2598 768 2625 four
779 2605 874 2630 years.
910 2598 965 2624 See
976 2597 1029 2631 Ep.
1049 2605 1110 2631 ¹79·
1186 2598 1262 2624 born
1275 2604 1314 2623 on
1330 2598 1363 2623 18
1377 2597 1449 2625 Mar.
1462 2605 1541 2632 1495,
1551 2597 1611 2624 and
1625 2597 1770 2624 Edmund
1783 2605 1824 2625 on

532 2641 558 2667 5.
601 2643 721 2661 carmen
778 2634 836 2661 For
878 2634 940 2660 this
982 2633 1129 2663 incident,
1187 2641 1221 2660 21
1237 2633 1307 2660 Feb.
1324 2634 1401 2667 1498.

494 2669 597 2698 which
618 2671 686 2698 took
707 2634 790 2705 place
814 2671 847 2698 in
873 2670 925 2697 the
950 2672 1077 2698 autumn
1101 2669 1135 2698 of
1223 2670 1267 2704 3⁶·
1289 2668 1428 2704 Luciani]
1440 2669 1497 2696 For
1507 2669 1559 2696 the
1571 2669 1723 2697 attention
1732 2670 1824 2704 given

497 2714 576 2740 1⁴99·
601 2714 650 2733 see
671 2707 725 2742 Ep.
751 2715 811 2741 104.
849 2707 920 2734 Two
939 2707 972 2734 of
990 2707 1044 2733 the
1062 2715 1131 2741 ages
1186 2707 1218 2733 to
1250 2706 1363 2733 Lucian
1394 2707 1426 2733 at
1460 2706 1513 2733 the
1544 2705 1742 2733 Renaissance
1772 2714 1823 2733 see

494 2744 553 2770 assi
595 2743 631 2770 ed
643 2744 737 2771 below
747 2752 797 2770 are
807 2744 954 2770 incorrect
965 2744 1005 2778 by
1014 2750 1032 2770 a
1041 2750 1130 2778 year;
1186 2742 1316 2775 Forster,
1333 2743 1366 2769 in
1385 2744 1482 2769 Ambit
1498 2743 1525 2775 s.
1538 2744 1822 2777 Liuerueumxhickte,

494 2779 541 2807 for
590 2788 666 2814 enry
685 2788 746 2807 was
765 2780 840 2807 born
858 2788 898 2807 on
918 2788 936 2807 a
952 2779 1034 2807 June
1050 2787 1128 2815 1491,
1186 2779 1246 2806 xiv.
1261 2780 1378 2814 337-63.
1849 2782 1854 2787 ’
