2248 3363
598 387 639 419 ⁷8
987 385 1198 419 LETTERS
1227 385 1287 418 OF
1316 384 1540 419 ERASMUS
1822 382 1927 429 [1487

966 518 1001 554 5.
1050 517 1105 553 To
1130 516 1351 552 Saava'nus
1375 515 1558 552 Ronanus

634 565 696 596 LB.
709 564 791 605 App.
805 566 874 603 488.
1726 562 1855 603 (Steyn.
1860 563 1877 603 )

630 653 703 689 [For
713 653 767 681 the
779 661 882 681 source
883 651 929 680 ‘ol
937 652 1001 680 this
1012 652 1075 680 and
1084 652 1138 680 the
1150 652 1241 680 other
1251 651 1393 688 eighteen
1406 651 1510 679 letters
1523 651 1557 679 οἰ
1565 651 1630 679 thiu
1642 602 1762 688 peri‹>(dc
1770 610 1818 679 1ζὲ
1818 602 1928 679 νί11>ἱο11

593 690 703 718 there
693 698 720 718 is
732 697 772 717 no
784 689 893 717 earlier
904 689 1062 724 authority
1073 688 1151 717 than
1165 688 1234 724 LB.,
1250 697 1299 716 see
1311 688 1390 723 App.
1403 688 1423 715 8
1434 688 1497 716 and
1509 687 1551 724 9.]

837 747 1013 775 ERAsMVs
1036 747 1318 775 BOTEBODAMVS
1342 747 1533 774 smwsno
1558 748 1627 775 SVO
1652 748 1682 775 S.

639 798 839 840 Qvauqvut
856 808 920 841 ego
935 795 994 841 qui
1009 798 1045 830 te
1060 797 1231 831 consolari
1245 796 1355 840 cupio,
1370 797 1446 840 ipse
1461 796 1573 840 magis
1588 797 1820 831 consolandus
1833 808 1923 839 sum,

593 863 674 886 cum
694 852 774 896 quia
791 852 933 886 nullum
953 852 1160 886 calamitatis
1185 862 1295 895 genus
1317 861 1496 895 superesse
1518 851 1658 885 videtur
1678 852 1770 895 quod
1794 863 1867 886 non
1889 852 1929 885 in

594 905 669 940 dies
690 906 854 950 experiar,
879 907 957 940 tum
980 905 1062 950 quia
1082 905 1289 940 iamdudum
1311 905 1402 939 nihil
1425 905 1586 939 omnium
1607 917 1727 940 rerum
1747 905 1930 940 molestius

594 960 669 995 fero
698 963 801 1005 atque
831 960 990 995 acerbius
1015 971 1120 1004 quam
1150 962 1229 994 tuas
1254 960 1362 994 vuius
1392 960 1572 1002 miserias3
1608 961 1728 994 tamen
1753 961 1790 995 id
1818 961 1931 994 effecit

563 1026 579 1054 5
595 1015 800 1077 praecipuus
829 1015 868 1049 in
899 1017 935 1049 te
965 1026 1066 1049 meus
1095 1025 1203 1056 amor,
1237 1014 1289 1048 mi
1315 1014 1453 1048 Seruati
1483 1014 1699 1056 suauissime,
1733 1015 1774 1048 vt
1802 1015 1932 1058 proprii

595 1069 783 1103 immemor
805 1070 868 1104 tuo
890 1069 1023 1103 mederi
1046 1069 1158 1103 dolori
1181 1069 1398 1103 contendam.
1447 1069 1513 1102 Ais
1532 1069 1628 1102 enim
1643 1069 1709 1103 tibi
1724 1079 1800 1103 esse
1815 1070 1932 1104 nescio

595 1124 679 1167 quid
711 1124 803 1167 quod
829 1124 1020 1157 admodum
1049 1134 1149 1166 aegre
1180 1123 1281 1165 feras,
1315 1123 1406 1167 quod
1438 1124 1474 1157 te
1503 1124 1632 1157 misere
1659 1123 1809 1166 afflictet,
1839 1124 1930 1167 quod

597 1178 745 1221 denique
775 1177 886 1211 vitam
915 1177 981 1211 tibi
1006 1178 1129 1212 reddat
1161 1177 1397 1212 iniucundum.
1455 1178 1509 1220 Id,
1536 1178 1677 1212 tametsi
1695 1179 1736 1212 tu
1758 1178 1928 1219 reticeres,

596 1232 724 1266 frontis
743 1232 965 1276 corporisque
981 1232 1035 1267 tui
1053 1232 1194 1266 habitus
1215 1232 1377 1276 loquitur.
1427 1232 1503 1275 Quo
1523 1232 1620 1266 enim
1641 1232 1727 1267 abiit
1749 1231 1854 1266 solita
1870 1231 1932 1266 ma

549 1295 583 1315 10
598 1287 634 1319 et
669 1286 867 1328 gratissima
906 1286 1027 1321 vultus
1071 1286 1240 1329 hilaritas,
1288 1286 1478 1330 pristinum
1519 1287 1609 1321 illud
1645 1287 1778 1321 formae
1816 1286 1930 1329 decus,

599 1340 778 1375 oculorum
794 1341 992 1375 viuacitas?
1021 1341 1123 1375 Vnde
1146 1341 1231 1375 haec
1253 1342 1407 1384 profecta
1425 1343 1479 1376 est
1502 1352 1626 1385 parum
1646 1342 1737 1376 laeta
1756 1341 1932 1375 luminum

599 1395 775 1429 deiectio?
806 1395 910 1429 Vnde
933 1396 1018 1429 haec
1041 1398 1124 1430 nata
1142 1397 1196 1430 est
1219 1396 1358 1429 assidua
1375 1397 1513 1439 praeter
1535 1396 1677 1429 solitum
1699 1396 1929 1438 taciturnitas,

597 1450 691 1484 vnde
716 1451 784 1484 ista
806 1450 846 1483 in
867 1448 971 1484 vultu
991 1450 1085 1493 aegri
1107 1450 1268 1493 species?
1312 1450 1480 1492 Profecto,
1505 1452 1544 1484 vt
1565 1450 1628 1485 ille
1644 1450 1705 1494 ait,

825 1504 1026 1547 Deprendas
1047 1504 1157 1538 animi
1180 1506 1354 1539 tormenta
1376 1504 1520 1539 latentis
1542 1504 1582 1539 in
1605 1516 1707 1548 aegro

552 1571 585 1600 15
827 1559 987 1602 Corpore,
1014 1558 1208 1603 deprendas
1232 1561 1268 1593 et
1291 1559 1425 1603 gaudia,
1450 1559 1559 1593 sumit
1582 1561 1769 1603 vtrumque

825 1613 914 1647 Inde
936 1613 1098 1647 habitum
1121 1613 1234 1647 facies.

647 1668 789 1702 Certum
808 1669 861 1702 est
883 1668 1000 1711 igitur,
1021 1668 1072 1702 mi
1092 1668 1238 1710 Senmti,
1261 1667 1392 1712 aliquid
1415 1679 1491 1702 esse
1514 1668 1607 1713 quod
1626 1669 1661 1702 te
1683 1668 1776 1702 male
1796 1668 1934 1710 habeat,

600 1722 692 1765 quod
708 1721 772 1755 tibi
786 1722 970 1765 pristinam
985 1722 1224 1756 valetudinem
1234 1722 1376 1756 adimat.
1423 1722 1491 1756 Sed
1503 1722 1586 1767 quid
1603 1733 1667 1766 ego
1681 1733 1776 1756 nunc
1787 1722 1935 1756 faciam?

601 1777 814 1811 Consolerne
827 1788 874 1811 an
892 1777 1088 1811 stomacher
1099 1778 1118 1811 ⁶?
1148 1777 1220 1811 Cur
1234 1777 1329 1811 enim
1345 1777 1437 1811 celas
1456 1788 1514 1810 me
1533 1777 1689 1811 dolorem
1708 1778 1820 1818 tuum,
1837 1778 1936 1821 quasi

553 1842 588 1863 20
601 1832 673 1866 iam
694 1844 766 1866 non
789 1832 950 1866 norimus
971 1843 1037 1866 nos
1061 1832 1154 1866 inter
1175 1833 1268 1866 nos?
1315 1832 1416 1866 Adeo
1438 1832 1535 1865 enim
1561 1832 1735 1875 profundo
1757 1832 1875 1866 animo
1898 1843 1936 1866 es

600 1889 641 1921 vt
652 1899 697 1921 ne
708 1886 918 1921 amicissimo
934 1886 1076 1931 quidem
1091 1886 1219 1929 credas,
1235 1898 1281 1920 ne
1291 1886 1461 1920 fidissimo
1475 1886 1617 1930 quidem
1631 1886 1740 1929 fidas3
1762 1898 1808 1921 an
1824 1887 1937 1921 nescis

601 1943 766 1986 quoniam
795 1944 909 1976 tectus
937 1941 1051 1985 magis
1080 1943 1214 1976 aestuat
1243 1941 1367 1985 ignis?
1420 1940 1558 1984 Ergone
1587 1940 1643 1975 vis
1673 1941 1769 1975 solus
1799 1944 1938 1985 portare

601 1998 780 2040 angustias
793 1998 942 2040 pectoris
957 1997 1020 2038 tui,
1039 2008 1165 2040 ergone
1183 1996 1237 2030 vis
1252 1998 1377 2040 sponte
1391 1995 1502 2039 perire
1517 1997 1553 2029 et
1569 2006 1640 2029 vna
1654 1996 1935 2030 amantissimum

603 2050 655 2084 tui
686 2052 840 2085 occidere
852 2053 871 2085 ’ἒ
930 2051 1031 2085 Heus
1058 2051 1210 2095 impium
1246 2051 1415 2092 animum,
1446 2062 1467 2084 o
1497 2052 1653 2084 mentem
1684 2050 1935 2084 inhumanam!

555 2114 588 2141 25
604 2104 750 2139 Hiccine
765 2116 846 2138 cum
861 2105 1067 2140 Menedemo
1082 2105 1145 2140 illo
1161 2106 1369 2140 Terentiano
1383 2105 1449 2138 tibi
1471 2115 1556 2139 vsus
1575 2105 1637 2147 est,
1654 2105 1694 2138 vt
1708 2106 1743 2138 te
1763 2104 1907 2138 afflictes
1918 2105 1937 2137 ⁶?

603 2160 676 2194 Vae
687 2159 815 2193 misero
830 2159 919 2193 mihi
933 2160 942 2193 1
989 2160 1037 2193 Et
1051 2160 1133 2204 quid
1151 2160 1290 2194 obsecro
1301 2161 1477 2203 praeterea
1491 2159 1618 2193 faciam
1633 2158 1708 2201 tibi,
1723 2159 1842 2192 anime
1857 2158 1908 2192 mi
1918 2159 1937 2192 ἵ)

603 2213 679 2249 Scis
693 2216 786 2248 certo
802 2214 837 2247 te
859 2213 947 2247 mihi
968 2225 1042 2248 esse
1062 2214 1127 2248 hac
1147 2215 1265 2248 anima
1284 2215 1484 2255 chariorem,
1502 2214 1570 2248 scis
1589 2212 1726 2247 nullam
1746 2213 1832 2247 adeo
1851 2213 1937 2247 diffi-

603 2268 705 2303 cilem
721 2268 915 2312 duramque
931 2279 1005 2302 rem
1027 2280 1112 2310 esse,
1130 2280 1235 2313 quam
1258 2280 1329 2302 non
1351 2268 1457 2302 etiam
1472 2267 1600 2302 lubens
1618 2278 1682 2311 pro
1700 2269 1735 2301 te
1754 2267 1937 2301 subiturus

603 2323 671 2357 sim
686 2335 695 2366 ;
714 2323 782 2357 scis
795 2322 863 2356 tibi
875 2333 932 2356 me
944 2322 1102 2356 fidiorem
1115 2334 1189 2357 esse
1204 2323 1383 2357 neminem
1396 2336 1406 2366 ;
1424 2324 1517 2358 nosti
1529 2323 1678 2367 denique
1688 2333 1794 2367 quam
1810 2322 1937 2356 misere

552 2387 588 2416 30
603 2376 691 2409 mihi
706 2386 844 2419 semper
859 2373 1007 2409 doluerit
1023 2375 1121 2409 dolor
1135 2377 1227 2410 tuus.

647 2430 695 2464 Et
707 2430 799 2475 quod
810 2430 983 2474 reliquum
995 2431 1057 2472 est,
1071 2431 1122 2464 mi
1130 2430 1276 2472 Seruati,
1291 2430 1373 2474 quid
1383 2432 1437 2464 est
1451 2442 1514 2464 cur
1527 2431 1568 2464 tu
1583 2431 1763 2474 tantopere
1777 2429 1937 2463 cochleae

600 2484 641 2519 in
655 2495 790 2519 morem
805 2486 841 2519 te
857 2484 1040 2519 contrahas
1057 2486 1161 2529 atque
1181 2485 1369 2519 abscondas
1381 2485 1400 2519 ⁸?
1444 2485 1534 2519 Vere
1552 2484 1708 2528 suspicor
1722 2483 1758 2518 id
1774 2483 1866 2528 quod
1882 2495 1938 2517 res

601 2540 663 2581 cst,
686 2539 846 2574 nondum
868 2538 934 2573 tibi
955 2540 1157 2582 persuasisti
1174 2552 1232 2574 me
1258 2539 1311 2573 tui
1336 2551 1409 2574 esse
1435 2539 1725 2573 amantissimum.
1788 2538 1938 2572 Obsecro

601 2591 717 2634 itaque
739 2594 774 2625 te
794 2603 856 2635 per
877 2602 918 2625 ea
940 2602 1028 2635 quae
1050 2592 1114 2625 tibi
1134 2592 1337 2626 dulcissima
1360 2593 1443 2626 sunt
1463 2592 1502 2625 in
1522 2592 1606 2633 vita,
1625 2603 1686 2635 per
1702 2593 1863 2625 nostrum
1878 2591 1937 2634 qui
1956 2632 1958 2635 Ι

551 2659 587 2689 35
602 2647 808 2690 praecipuus
823 2648 876 2681 est
891 2657 998 2688 amor,
1018 2647 1048 2680 si
1067 2647 1140 2681 vlla
1161 2648 1240 2680 tuae
1261 2647 1326 2681 tibi
1348 2658 1431 2680 cura
1449 2646 1583 2689 salutis,
1602 2646 1634 2680 si
1649 2657 1706 2679 me
1727 2646 1867 2679 saluum
1882 2645 1939 2679 vis

638 2715 685 2742 3¹·
705 2710 786 2744 quod
799 2714 917 2738 σον-ναί.
935 2711 1011 2746 quid
1022 2712 1076 2738 LB.
1306 2718 1351 2745 32.
1370 2710 1530 2738 contrahas
1542 2712 1660 2738 conai-
1678 2709 1833 2737 contrahis
1845 2712 1898 2737 LB.

615 2782 657 2809 ¹3·
679 2774 744 2810 isse]
756 2774 825 2802 Juv
836 2784 864 2810 9.
881 2777 978 2804 18-20.
1030 2784 1076 2804 22.
1095 2774 1208 2811 tectus]
1222 2775 1275 2803 Ov.
1290 2777 1350 2802 Met.
1363 2784 1389 2809 4.
1402 2775 1449 2810 64.
1500 2782 1546 2809 25.
1566 2773 1755 2809 Menedemo]
1769 2777 1836 2801 Hecu
1836 2778 1863 2801 ιι.
1878 2774 1924 2800 81.
