2248 3363
498 387 540 419 58
887 384 1097 419 LETTERS
1126 385 1186 419 OF
1215 385 1438 419 ERASMUS
1729 383 1834 431 [15⁴⁰

445 483 482 512 45
497 473 663 514 Romano,
688 471 720 507 si
746 482 828 507 cum
852 472 1093 507 Cardinalibus
1118 472 1292 516 agendum
1318 472 1415 507 foret.
1461 471 1594 507 Verum
1617 472 1705 517 quid
1733 473 1834 507 inter-

496 527 635 562 uenerit
657 538 725 571 quo
747 527 866 561 minus
888 537 929 561 ea
950 527 1117 570 profectio
1138 526 1187 561 sit
1209 526 1254 561 ab
1273 526 1444 570 Episcopo
1466 528 1636 569 suscepta,
1654 526 1749 561 mihi
1763 537 1832 561 non

497 582 616 625 liquet,
665 582 766 615 Certe
780 581 992 615 Guilielmus
1008 582 1082 625 ipse
1095 580 1198 615 valde
1218 581 1332 614 doluit
1353 582 1512 624 ereptum
1531 581 1601 615 sibi
1621 581 1832 623 Ernsmnm3

497 636 547 670 sic
562 636 659 670 enim
673 636 711 669 in
727 635 793 670 oda
807 636 955 679 quadam
970 636 1087 670 canit:

588 697 639 729 At
660 705 757 729 nunc
779 705 855 729 sors
876 703 942 729 nos
963 694 1112 736 diuellit,
1135 694 1202 728 tibi
1226 694 1316 738 quod
1339 693 1428 728 bene
1450 696 1571 737 vertat,

448 770 484 797 50
676 749 760 784 Sors
781 749 963 792 peracerba
984 748 1084 783 mm

587 802 645 836 Me
666 804 740 837 sine
763 803 861 837 solus
881 803 966 845 abis,
991 804 1032 836 tu
1056 802 1172 836 Rheni
1192 802 1322 847 frigora
1343 805 1379 836 et
1401 802 1523 846 Alpeis

679 858 735 891 Me
758 858 835 891 sine
856 857 952 891 solus
974 857 1060 891 adis.

587 912 737 953 Italiam,
762 912 904 946 Italiam
928 911 1040 945 laetus
1065 912 1263 954 penetrabis
1284 922 1478 945 amoenam.
1528 910 1576 945 Et
1597 911 1745 955 reliqua.

497 965 703 1010 Quanquam
717 978 801 1001 vero
822 966 865 1000 de
884 966 996 1000 Roma
1017 966 1176 1000 adeunda
1198 965 1386 1000 consilium
1406 966 1559 1000 mutauit
1574 965 1832 1000 Cameracensis

447 1028 481 1056 ⁵5
496 1020 649 1064 Praesul,
682 1023 799 1055 tamen
830 1021 1016 1055 Erasmum
1046 1020 1085 1054 in
1115 1020 1194 1054 aula
1224 1031 1286 1054 sua
1316 1021 1468 1062 retinuit,
1498 1020 1632 1064 ingenii
1661 1020 1833 1055 suauitate

495 1077 531 1109 et
569 1076 779 1119 praestantia
816 1086 855 1110 ac
893 1075 1041 1109 candore
1079 1075 1217 1109 iuuenis
1256 1075 1456 1109 delectatus.
1518 1075 1657 1119 Hicque
1697 1075 1760 1109 ille
1796 1075 1832 1109 in

496 1130 688 1166 multorum
711 1130 901 1164 amicitiam
916 1140 991 1164 sese
1006 1129 1199 1163 insinuauit
1215 1140 1297 1163 vere
1312 1131 1469 1173 ἐράσμιος,
1487 1130 1526 1163 in
1545 1129 1672 1173 primis
1687 1129 1833 1164 Antonii

495 1184 632 1218 abbatis
660 1185 753 1227 apud
784 1184 908 1217 diuum
935 1184 1130 1225 Bertinum,
1158 1184 1217 1228 qui
1250 1195 1292 1217 ex
1323 1184 1442 1217 eadem
1467 1184 1702 1227 Bergensium
1734 1185 1834 1228 gente

495 1237 642 1272 ducebat
663 1239 844 1282 originem,
863 1240 898 1272 et
914 1237 1030 1272 Iacobi
1048 1238 1156 1281 Batti,
1175 1238 1237 1282 qui
1261 1241 1404 1273 senatus
1427 1239 1545 1282 oppidi
1561 1239 1751 1282 Bergensis
1770 1238 1835 1272 fuit

445 1292 484 1321 ⁶0
497 1304 518 1326 a
533 1291 684 1334 secretis,
701 1292 746 1326 ad
761 1302 865 1336 quem
881 1293 935 1326 tot
950 1292 1026 1326 eius
1041 1294 1160 1326 extant
1179 1292 1351 1336 epistolae,
1368 1292 1428 1336 qui
1446 1294 1566 1336 postea
1582 1292 1675 1336 apud
1693 1294 1833 1327 Annam

497 1346 685 1390 Bersehm,
703 1346 860 1389 Adolphi
884 1346 1050 1389 principis
1064 1346 1243 1381 Veliensis
1266 1348 1425 1390 matrem,
1442 1347 1503 1381 diu
1519 1347 1611 1381 vixit
1633 1347 1674 1381 in
1698 1356 1834 1382 summo

496 1402 638 1436 honore.
685 1402 737 1436 At
748 1401 1014 1442 Cameracensis,
1029 1400 1269 1435 felicissimum
1281 1401 1421 1436 Erasini
1435 1401 1571 1435 alumni
1582 1401 1639 1435 sui
1652 1401 1834 1445 ingenim

495 1455 759 1499 contemplatus,
777 1455 871 1490 haud
893 1455 1066 1499 grauatim
1086 1466 1168 1489 eum
1188 1456 1388 1499 sumptibus
1406 1456 1583 1498 instruxit,
1599 1457 1642 1490 vt
1657 1455 1834 1489 Lutetiam

495 1511 771 1555 proficisceretur
797 1512 832 1544 et
859 1509 931 1544 illic
955 1509 1159 1554 theologiae,
1184 1522 1290 1554 quam
1313 1510 1556 1544 scholasticam
1577 1511 1717 1553 vocant,
1742 1509 1836 1544 daret

447 1576 483 1611 ⁶5
496 1575 646 1609 operam.
694 1564 787 1608 Ergo
811 1564 960 1598 Scotista
982 1564 1093 1598 factus
1120 1566 1182 1607 est,
1206 1565 1245 1598 in
1269 1564 1414 1609 collegio
1436 1564 1568 1599 Montis
1591 1575 1724 1608 agens3
1755 1574 1834 1598 nam

497 1619 591 1653 inter
606 1619 787 1664 theologos
801 1619 1031 1663 disputatores
1046 1619 1198 1654 Ioannes
1215 1619 1276 1653 ille
1292 1619 1449 1654 Dunsius
1470 1619 1594 1653 Sootus
1612 1618 1659 1652 ab
1675 1619 1836 1653 acumine

495 1673 629 1718 ingenii
641 1673 794 1708 maxime
809 1674 1035 1716 praedicatur.
1072 1674 1260 1718 Quumque
1270 1674 1380 1708 vitam
1395 1672 1648 1717 collegiaticam
1659 1673 1836 1708 duriorem

495 1730 717 1773 experiretur,
734 1740 805 1763 non
825 1728 962 1762 inuitus
979 1728 1167 1772 emigrauit
1180 1729 1224 1763 ad
1239 1728 1398 1772 Anglum
1420 1728 1596 1772 quendam
1618 1738 1834 1770 generosum,

495 1783 731 1818 adulescentes
745 1785 832 1818 duos
847 1794 1031 1827 generosos
1045 1794 1165 1818 secum
1175 1782 1387 1824 habentem3
1410 1783 1620 1817 Montioium
1630 1782 1786 1816 alterum
1795 1793 1836 1816 ex

447 1850 483 1880 7ο
495 1838 568 1872 illis
582 1838 690 1872 fuisse
704 1838 858 1872 coniicio.
906 1838 1082 1871 videbant
1097 1837 1193 1871 enim
1207 1837 1318 1882 Angli
1334 1838 1426 1871 inter
1439 1838 1651 1881 professores
1665 1837 1836 1871 bonarum

495 1893 676 1928 literarum
714 1893 752 1927 in
791 1894 866 1927 tota
896 1893 1072 1926 academia
1106 1892 1297 1927 Parisiensi
1333 1893 1472 1927 nullum
1505 1892 1653 1926 existere
1684 1892 1749 1936 qui
1781 1890 1836 1926 vel

496 1948 667 1982 eruditius
704 1949 821 1992 posset
857 1947 912 1981 vel
951 1947 1092 1982 fidelius
1130 1948 1251 1981 docere
1290 1949 1497 1982 consuesset.
1556 1946 1649 1981 Nam
1688 1946 1837 1982 Faustus

497 2001 725 2044 Andrelinus,
758 2002 886 2045 alioqui
915 2001 1130 2036 carminibus
1164 2012 1293 2045 mag-na
1325 2012 1407 2036 cura
1441 2001 1635 2045 pangendis
1666 2001 1833 2041 intentus,

497 2056 714 2091 defunctorie
728 2056 962 2099 profitebatur,
981 2057 1067 2091 iocis
1082 2056 1291 2101 quibusdam
1309 2057 1421 2100 magis
1441 2056 1577 2090 festinis
1598 2067 1706 2100 quam
1728 2055 1836 2090 doctis

449 2120 483 2150 75
498 2111 660 2154 plausum
675 2111 816 2145 rudium
831 2111 1029 2145 auditorum
1045 2112 1196 2154 captans,
1233 2111 1413 2155 Gaguinus
1424 2110 1593 2145 obeundis
1603 2110 1837 2154 legationibus

497 2164 542 2199 ad
556 2166 694 2198 exteros
708 2165 884 2208 principes
898 2167 1084 2208 occupatus
1098 2167 1179 2208 erat,
1196 2165 1235 2199 in
1256 2165 1335 2200 istis
1355 2165 1482 2200 studiis
1505 2176 1577 2200 non
1600 2165 1652 2199 ita
1674 2175 1834 2208 prorsum

497 2218 699 2261 absolutus3
722 2230 785 2253 nec
800 2219 944 2253 docebat
957 2219 1105 2263 publice.

543 2273 663 2316 Atque
694 2272 778 2307 hinc
808 2273 921 2317 coepit
954 2275 1120 2308 Erasmus
1151 2274 1189 2308 in
1216 2273 1348 2318 Anglia
1377 2275 1601 2309 innotescere.
1653 2274 1701 2308 In
1732 2284 1836 2319 quam

498 2327 651 2362 insulam
689 2327 872 2372 paulopost
909 2328 983 2373 ipse
1019 2328 1189 2363 concessit
1220 2340 1242 2362 a
1272 2329 1453 2372 discipulis
1483 2329 1556 2363 illis
1585 2329 1660 2363 suis
1691 2329 1837 2364 domum

448 2392 485 2419 8ο
499 2382 665 2427 regressis
680 2382 861 2418 inuitatus.
908 2383 979 2417 Vbi
994 2395 1102 2428 quum
1117 2383 1317 2427 aliquandiu
1335 2383 1531 2427 mansisset,
1550 2383 1589 2417 in
1608 2383 1726 2418 reditu
1746 2382 1837 2428 apud

499 2437 711 2472 Douariense
727 2437 827 2472 littus
842 2449 863 2472 a
879 2438 994 2473 telone
1010 2438 1161 2473 fortunis
1174 2438 1427 2482 propemodum
1448 2437 1613 2472 omnibus
1627 2441 1759 2474 exutus
1773 2440 1834 2481 est,

946 2505 991 2532 52.
1013 2497 1080 2524 adis
1091 2498 1263 2524 Her-manus:
1281 2496 1384 2524 abisa.

535 2557 580 2584 49.
601 2549 644 2576 At
663 2550 759 2585 nunc]
778 2549 939 2578 Herman's
957 2549 1020 2577 Ode
1039 2558 1076 2584 ες
1100 2549 1138 2578 cf.
1232 2557 1276 2583 71.
1304 2548 1482 2584 Parisiensi]
1517 2548 1630 2577 Beatus
1659 2549 1836 2579 Rhenum-¹

499 2583 584 2620 verz.
596 2587 653 2613 Ecl.
670 2594 712 2613 ιο.
725 2594 771 2620 47,
784 2586 811 2613 8.
1195 2593 1265 2613 own
1279 2584 1432 2612 residence
1445 2587 1477 2612 at
1491 2584 1577 2613 Paris
1586 2586 1767 2622 Universa,
1776 2594 1838 2615 vn

536 2621 581 2649 68.
610 2622 659 2649 An
660 2621 760 2658 glum]
786 2622 830 2650 Cf.
858 2622 882 2650 Ε
884 2630 933 2658 p.p
959 2623 995 2657 58
1018 2622 1078 2649 and
1106 2630 1142 2657 79
1195 2622 1275 2649 from
1296 2630 1317 2656 9
1336 2621 1406 2656 May
1428 2629 1499 2657 1503
1522 2623 1554 2649 to
1575 2622 1628 2650 the
1652 2624 1786 2651 autumn
1807 2623 1839 2651 of

501 2657 624 2691 introd.,
643 2658 745 2686 which
769 2658 797 2686 ir
815 2659 930 2694 rightly
947 2659 1037 2686 dated
1057 2658 1141 2686 show
1197 2665 1276 2693 1507.

502 2693 571 2720 that
589 2693 699 2722 Beatus
717 2694 882 2723 Rhenanus
900 2703 962 2723 was
980 2703 1083 2729 wrong
1106 2695 1140 2721 in
1233 2702 1277 2729 75.
1309 2693 1479 2730 Gaguinus]
1505 2695 1649 2730 Gaguin’s
1672 2697 1837 2725 emh-ie·

500 2730 624 2764 supposi
625 2738 666 2765 ng
677 2732 746 2759 that
759 2731 901 2759 Erasmus
917 2731 973 2759 lest
987 2731 1141 2766 Montaigu
1197 2739 1276 2758 were
1300 2730 1342 2758 all
1367 2730 1544 2766 discharged
1568 2731 1670 2759 before
1695 2732 1839 2761 numm

500 2767 533 2794 to
545 2774 581 2801 go
594 2768 626 2794 to
637 2765 801 2802 Hountjoy.
1197 2774 1281 2794 come
1299 2769 1332 2795 to
1351 2767 1443 2795 Paris.
1481 2767 1526 2796 Cf.
1542 2768 1595 2803 Ep.
1609 2776 1647 2803 43
1658 2768 1776 2799 introd.
