2248 3363
492 398 560 431 482
884 396 1093 432 LETTERS
1122 396 1183 432 oF
1212 395 1436 431 EBASHUS
1743 393 1852 442 [¹5¹1

492 486 612 529 postea
636 485 782 519 arbitrio
806 484 990 519 Pontificis
1015 484 1230 519 admittetur.
1286 483 1406 518 Nostri
1432 483 1516 527 quid
1543 483 1662 518 acturi
1695 483 1788 525 sint,
1815 486 1856 518 vt

492 540 682 580 coniicitur,
707 550 836 582 magno
863 538 1036 582 remigum
1058 539 1262 582 compendio
1285 538 1443 573 nondum
1465 537 1729 573 deliberauere.
1785 538 1857 572 Im-

493 595 632 637 perator
644 593 752 627 huius
761 593 811 627 rei
821 594 993 636 spectator
1003 593 1118 627 solum
1132 593 1208 627 erit.
1242 593 1376 627 Rumor
1388 594 1443 626 est
1454 592 1684 627 Florentinos
1698 603 1724 627 a
1736 592 1858 628 Gallis

444 662 479 691 35
493 649 726 683 defectionem
741 658 871 690 parare.

539 702 660 737 Habes
675 702 719 736 de
729 702 834 737 rebus
845 702 980 736 Italicis
995 713 1082 745 quae
1094 702 1262 736 hactenus
1274 702 1439 737 ferantur.
1472 702 1584 735 Tuam
1597 702 1855 745 raucedinem,

494 758 525 791 si
547 757 604 791 hic
626 757 760 798 fuisses
779 768 847 791 vna
870 756 1072 800 potiuncula
1094 757 1269 800 extemplo
1291 767 1475 790 curassem.
1524 755 1639 790 Doleo
1662 767 1779 800 spem
1802 758 1857 792 tui

493 811 538 845 ad
553 822 619 846 nos
634 811 766 845 reditus
779 812 823 845 ad
839 811 955 846 Galen.
971 822 1079 855 vsque
1095 810 1274 845 Ianuarias
1289 812 1503 854 productam.
1552 810 1710 845 Gaudeo
1728 813 1856 846 tamen

495 867 600 900 istam
620 866 685 900 tibi
705 866 924 910 prouinciam
942 876 1014 899 non
1036 865 1129 899 male
1149 865 1337 909 obtigisse3
1368 864 1588 909 desyderium
1611 864 1670 899 tui
1694 876 1858 900 eommo-

445 920 620 956 ‹sodorum
645 923 786 955 tuorum
813 920 1057 963 magnitudine
1086 919 1286 954 solabimur.
1335 918 1502 963 Reliquae
1532 920 1615 952 mae
1647 919 1788 954 literae
1818 921 1857 954 in

495 975 635 1010 Italiam
659 986 735 1009 cras
753 975 874 1009 sedulo
895 975 1134 1018 perferentur-3
1160 974 1199 1009 in
1220 977 1376 1017 tempore
1396 974 1493 1008 enim
1511 984 1552 1007 ac
1572 983 1687 1017 prope
1712 975 1757 1008 in
1780 975 1858 1019 ipso

495 1029 670 1064 tabellarii
679 1029 832 1064 discessu
843 1029 1022 1063 aduenere.
1056 1029 1155 1071 Cura,
1170 1029 1221 1062 mi
1232 1029 1385 1070 Eranam,
1396 1030 1438 1061 vt
1445 1028 1564 1062 valeas
1576 1039 1586 1068 ς
1603 1029 1646 1061 et
1657 1028 1858 1062 Bouillum

497 1086 657 1119 nostrum
672 1086 795 1128 terque
810 1085 998 1128 quaterque
1013 1095 1092 1119 meo
1106 1084 1250 1118 nomine
1264 1084 1399 1118 saluere
1415 1083 1505 1117 iube.
1554 1082 1698 1116 Iterum
1718 1084 1815 1118 vale.

542 1139 704 1173 Londini.
753 1139 860 1173 Sexto
875 1139 954 1172 idus
970 1137 1156 1173 Nouembr.
1174 1149 1301 1173 ιλιι.

810 1252 972 1300 ’39240243
1021 1251 1076 1288 To
1101 1255 1276 1288 Axnnnw
1302 1252 1526 1288 Auxoume.

540 1327 676 1368 Farrago
690 1338 721 1367 p.
736 1336 804 1367 203.
1513 1326 1723 1368 Cambridge.

502 1390 513 1398 ·
539 1375 574 1408 F.
589 1386 621 1416 p.
637 1378 713 1416 338:
735 1376 812 1406 HN:
834 1375 930 1406 Lond.
945 1375 1009 1406 viii.
1025 1384 1061 1415 9:
1081 1376 1142 1408 LB.
1160 1377 1224 1415 138.
1426 1383 1457 1407 ιι
1476 1375 1658 1406 November
1674 1375 1760 1417 <151
1772 1377 1820 1418 ι).

872 1453 1048 1480 EBASMVS
1075 1453 1257 1480 Anuomo
1282 1452 1351 1479 SVO
1376 1452 1405 1480 Β.
1431 1453 1468 1480 D.

547 1521 679 1555 Pmnn:
697 1520 840 1555 Martini
860 1521 1015 1555 redditae
1035 1523 1120 1555 sunt
1139 1521 1227 1554 mihi
1249 1522 1329 1554 tuse
1349 1520 1478 1563 literae,
1494 1519 1525 1553 si
1546 1521 1672 1553 notam
1694 1523 1854 1565 quaeris,

502 1574 769 1616 stomachantes
783 1586 854 1609 vna
865 1586 946 1609 eum
962 1576 1083 1619 lagena
1098 1575 1176 1609 vini
1187 1574 1387 1609 Graecanici
1403 1574 1603 1617 semiplena.
1637 1575 1710 1617 Qui
1727 1577 1857 1611 attulit

502 1629 661 1673 poposcit
680 1629 767 1663 duas
790 1629 982 1672 drachmas,
1007 1630 1088 1664 dedi
1110 1629 1268 1663 denarios
1287 1640 1369 1670 sex3
1396 1629 1521 1663 deinde
1541 1628 1655 1663 literis
1677 1631 1758 1665 tuis
1778 1632 1857 1665 dili·

503 1684 643 1728 gentius
658 1684 823 1727 inspectis
836 1685 1071 1719 animaduerti
1085 1685 1245 1729 lagenam
1258 1695 1328 1718 non
1343 1695 1424 1718 cum
1441 1684 1611 1728 proximis
1621 1683 1751 1728 literis,
1768 1697 1855 1730 quas

473 1750 488 1778 ⁵
503 1739 547 1773 ad
577 1750 627 1774 vx.
661 1739 749 1773 Idus
785 1739 1003 1774 Nouembres
1032 1739 1228 1783 scripseras,
1262 1739 1322 1773 sed
1358 1750 1439 1773 cum
1468 1739 1709 1782 superioribus
1744 1740 1855 1774 fuisse

503 1794 668 1835 missam3
700 1805 784 1828 nam
809 1794 844 1829 id
871 1794 976 1828 etiam
1002 1795 1078 1828 vini
1104 1794 1198 1828 color
1222 1794 1406 1828 indicabat.
1455 1794 1549 1836 Quin
1576 1804 1658 1827 cum
1688 1794 1853 1838 primum

504 1850 671 1891 mitteres,
688 1849 885 1884 admirabar
900 1852 935 1883 te
956 1860 1026 1882 non
1047 1849 1268 1892 obsignatum
1284 1848 1421 1882 misisse
1441 1859 1503 1891 per
1523 1859 1583 1881 eos
1604 1848 1739 1891 quibus
1762 1849 1853 1884 nihil

504 1906 558 1938 est
573 1904 807 1947 obsignatum.
854 1903 966 1937 Plane
981 1915 1063 1938 cum
1079 1904 1143 1937 hoc
1159 1903 1342 1937 hominum
1358 1914 1482 1946 genere
1504 1903 1607 1936 nobis
1624 1903 1684 1937 hic
1707 1915 1769 1938 nes
1788 1906 1850 1944 est,

504 1960 555 1993 mi
582 1959 733 2000 Andron,
762 1959 824 2002 qui
850 1969 931 1992 cum
961 1969 1101 1992 summa
1130 1958 1323 1992 rusticitate
1353 1969 1528 1991 summam
1557 1957 1734 1991 maliciam
1772 1970 1852 1993 con-

458 2023 490 2043 10
504 2014 649 2048 iunxere
662 2026 670 2054 ;
693 2025 756 2047 nec
772 2015 825 2047 est
839 2013 983 2047 omnino
998 2014 1183 2057 quicquam
1197 2013 1287 2056 quod
1304 2013 1393 2046 mihi
1410 2013 1515 2046 huius
1530 2023 1686 2046 secessus
1703 2015 1854 2048 nomine

504 2068 698 2111 gxutuleris,
720 2079 844 2102 verum
865 2068 960 2101 solus
980 2068 1094 2111 pudor
1112 2067 1338 2111 querimoniis
1357 2068 1463 2100 finem
1485 2067 1651 2110 imponit:
1677 2068 1741 2101 sed
1767 2069 1852 2102 haec

506 2133 623 2156 coram
646 2123 684 2155 in
709 2123 798 2156 sinu.

551 2176 630 2210 Non
646 2177 869 2219 expectabam
890 2176 1034 2210 alteram
1050 2178 1221 2220 lagenam,
1240 2177 1307 2211 nisi
1329 2177 1421 2221 quod
1438 2179 1487 2218 tu,
1506 2178 1545 2210 vt
1562 2187 1598 2209 es
1615 2176 1705 2210 mire
1719 2178 1849 2217 ciuilis,

505 2242 587 2266 cum
612 2231 790 2266 laudarem
816 2231 952 2273 vinum,
982 2232 1080 2276 quasi
1105 2232 1220 2265 denuo
1252 2243 1406 2275 rogarem
1434 2231 1732 2273 interpretabaris.
1799 2234 1852 2267 De

459 2296 490 2323 ¹5
506 2286 749 2329 recuperandis
764 2286 877 2319 literis
893 2286 965 2319 tuis
981 2286 1092 2329 magis
1107 2287 1226 2321 laboro
1242 2298 1345 2330 quam
1367 2287 1409 2319 dc
1426 2286 1508 2320 vino
1527 2287 1588 2319 aut
1604 2286 1738 2329 lagena,
1758 2288 1851 2332 quod

505 2340 648 2383 quidem
663 2341 706 2373 ad
724 2352 780 2374 me
795 2341 955 2384 pertinet.
1006 2341 1095 2374 Nam
1112 2341 1141 2374 si
1164 2352 1235 2374 non
1257 2341 1324 2374 nisi
1341 2352 1448 2374 vnmn
1469 2342 1504 2374 et
1525 2340 1670 2374 alteram
1687 2341 1852 2385 lagenam

506 2395 644 2435 misisti,
669 2397 791 2429 neutra
813 2396 929 2438 periit.
980 2396 1116 2429 Remisi
1138 2396 1300 2438 priorem,
1325 2397 1360 2429 et
1385 2396 1539 2434 eandem,
1564 2395 1602 2427 ni
1625 2394 1741 2436 fallor,
1770 2407 1852 2430 cum

507 2450 677 2494 proximis
696 2450 768 2484 tuis
790 2450 904 2485 literis
924 2450 1048 2493 accepi.
1097 2451 1150 2484 De
1172 2461 1248 2483 meo
1269 2450 1387 2493 auriga
1410 2450 1496 2483 mihi
1514 2451 1662 2483 narras?
1709 2450 1806 2493 Quid
1823 2452 1853 2485 si

508 2505 654 2539 vidisses
680 2516 758 2539 mea
784 2505 912 2539 scrinia
936 2505 1091 2548 vndique
1119 2506 1256 2538 lacera?
1302 2505 1404 2546 Quid,
1433 2504 1462 2538 si
1490 2504 1630 2538 audires
1657 2504 1782 2539 fucum
1811 2506 1853 2541 de

460 2569 494 2589 20
507 2571 604 2604 equo,
634 2562 711 2593 tum
739 2560 897 2594 diceres?
943 2562 979 2593 et
1009 2560 1130 2594 caluus
1161 2559 1222 2593 ille
1249 2559 1376 2593 nebulo
1409 2570 1588 2603 nunquam
1615 2559 1672 2592 hic
1702 2560 1743 2594 in
1771 2572 1853 2595 con·

508 2617 665 2658 spectum
697 2615 834 2658 prodiit.
889 2614 1042 2648 Proinde
1070 2615 1148 2648 vide
1178 2625 1223 2648 ne
1254 2614 1299 2648 sit
1331 2614 1488 2656 ineptum
1520 2613 1563 2646 ab
1591 2613 1648 2647 his
1680 2616 1854 2650 monstris

547 2697 609 2724 239.
619 2697 665 2723 6o.
686 2698 805 2723 tuorum
820 2698 861 2723 E:
880 2696 925 2723 tui
940 2699 973 2724 N.
1086 2698 1131 2730 64.
1152 2704 1246 2724 x.n.xt
1259 2698 1323 2724 aad.
1337 2697 1420 2723 115³:
1438 2704 1488 2723 om.
1502 2695 1549 2723 N'.
1672 2696 1743 2724 240.
1756 2704 1800 2725 πε.
1822 2698 1854 2725 in

509 2733 611 2759 sinum
625 2735 650 2759 F
662 2734 756 2766 eon-riq.

520 2785 529 2788 ⁰
574 2786 591 2789 a
856 2793 919 2820 2⁴0.
929 2800 956 2826 5.
978 2792 1192 2828 superioribus]
1207 2793 1261 2827 Ep.
1275 2793 1349 2826 ²3⁶5
1368 2792 1405 2819 of.
1422 2792 1442 2820 Ι,
1459 2800 1500 2826 15.
