2248 3363
516 387 559 419 ⁵0
904 380 1115 416 LETTERS
1145 380 1204 416 oF
1234 379 1456 414 ERASMUS
1745 376 1856 425 [1524

513 471 646 506 ordinis
669 471 706 505 in
730 470 863 504 Emaus
893 469 967 503 siue
991 469 1129 513 Steyne,
1153 468 1251 502 iuxta
1272 467 1443 502 Gaudam.
1490 466 1548 501 Ibi
1570 465 1704 509 reperit
1726 465 1855 501 Gorne-

514 526 611 567 lium,
640 537 745 569 quem
769 525 980 559 Dauentriae
1006 523 1176 558 habuerat
1200 522 1354 557 sodalem
1378 522 1417 556 in
1442 521 1564 556 eodem
1590 520 1766 556 cubiculo.
1815 521 1857 556 Is

514 580 673 614 nondum
709 579 883 622 acceperat
919 589 1057 612 sacrum
1092 578 1198 612 illum
1234 576 1391 618 cultum;
1428 575 1565 610 viderat
1600 574 1758 617 Italiam,
1791 575 1852 609 sed

515 634 664 668 redierat
696 643 821 676 parum
850 633 980 667 doctus.
1029 632 1098 667 Hic
1132 642 1237 665 suum
1266 641 1373 674 agens
1402 629 1583 673 negotium
1613 628 1730 673 coepit
1759 629 1853 665 mira

466 691 500 727 85
514 688 691 732 loquentia
721 687 906 731 depingere
935 687 1028 721 vitae
1057 698 1170 730 genus
1200 684 1470 727 sanctissimum,
1497 683 1635 728 copiam
1662 683 1848 725 libromm,

514 742 636 784 otium,
669 742 969 785 tranquillitatem,
997 742 1219 775 sodalitatem
1250 739 1450 783 angelicam.
1499 738 1589 781 Quid
1621 739 1726 774 non?
1769 739 1852 774 'rm

515 797 620 831 hebat
646 796 786 831 affectus
811 795 872 830 ille
901 795 1047 839 puerilis
1077 796 1121 830 ad
1145 797 1297 829 veterem
1323 793 1487 828 sodalem.
1534 793 1611 827 Alii
1635 792 1847 835 alliciebant,

514 850 576 884 alii
613 850 860 894 propellebant.
907 850 1082 884 Onerabat
1114 849 1231 884 febris.
1280 848 1388 883 Hunc
1418 848 1534 882 locum
1563 847 1704 892 delegit,
1738 848 1852 883 altero

514 905 691 946 fastidito;
712 904 866 939 laetabar
888 904 1037 946 interim,
1055 904 1162 938 donec
1185 903 1326 938 haberet
1347 913 1481 936 sacram
1501 904 1643 936 vestem.
1694 902 1846 944 Interea,

464 969 501 999 9ο
514 959 653 994 tametsi
681 959 889 1000 adolescens,
921 959 1030 993 sensit
1059 969 1163 1002 quam
1193 969 1264 992 non
1295 959 1387 991 esset
1416 957 1489 991 illic
1519 968 1601 992 vera
1630 957 1754 1001 pietas.
1803 958 1848 992 Et

514 1016 634 1049 tamen
649 1016 765 1048 totum
785 1014 889 1048 illum
911 1025 1052 1057 gregem
1072 1013 1238 1047 excitauit
1258 1012 1301 1047 ad
1322 1012 1489 1046 studium.
1539 1013 1733 1046 Parantem
1753 1011 1849 1046 abire

514 1070 596 1104 ante
621 1069 870 1112 professionem
900 1069 1029 1112 partim
1055 1068 1167 1111 pudor
1192 1068 1376 1108 humanus,
1406 1066 1534 1110 partim
1559 1066 1687 1109 minae,
1717 1066 1848 1110 partim

515 1123 701 1157 necessitas
716 1123 873 1157 coercuit.

561 1176 743 1210 Profeffius
756 1179 819 1210 est.
867 1176 1024 1211 Tandem
1039 1187 1101 1220 per
1115 1177 1326 1210 occasionem
1346 1175 1500 1209 innotuit
1513 1174 1674 1219 episcopo
1688 1174 1846 1209 Gamera-

464 1241 500 1269 95
515 1230 618 1272 censi,
645 1230 800 1265 Henrico
824 1243 845 1266 a
871 1231 1001 1274 Bergis.
1051 1230 1089 1264 Is
1114 1230 1274 1274 sperabat
1300 1230 1570 1264 Cardinalicium
1595 1228 1782 1273 galenim3
1812 1230 1846 1262 et

514 1284 704 1327 habuisset,
728 1285 798 1318 nisi
820 1285 1013 1319 defuissent
1035 1286 1231 1328 praesentes
1255 1284 1402 1318 nummi.
1448 1284 1507 1318 Ad
1530 1284 1596 1317 hoc
1618 1283 1686 1317 iter
1708 1282 1847 1327 optabat

514 1340 695 1373 hominem
710 1338 836 1373 Latine
850 1340 1002 1374 doctum.
1050 1338 1172 1382 Itaque
1194 1350 1256 1382 per
1275 1338 1372 1372 hunc
1391 1340 1555 1372 euocatus
1570 1339 1623 1372 eet
1638 1348 1724 1371 cum
1738 1339 1847 1372 aucto·

513 1393 617 1428 ritate
643 1393 807 1437 Episcopi
833 1394 1070 1435 Traiectensis,
1100 1404 1187 1436 quae
1212 1392 1287 1427 sola
1313 1392 1512 1428 sufficiebat.
1561 1392 1609 1426 Et
1633 1393 1760 1426 tamen
1788 1391 1845 1426 ino

513 1448 675 1482 adiunxit
697 1448 941 1483 auctoritatem
961 1448 1093 1482 Prioris
1116 1450 1152 1482 et
1171 1447 1360 1482 Generalis.
1410 1446 1588 1481 Concessit
1610 1446 1650 1479 in
1672 1446 1845 1481 familiam

447 1513 500 1534 100
513 1502 686 1546 Episcopi,
704 1504 843 1537 seruato
865 1505 984 1537 tamen
1006 1503 1141 1537 habitu.
1191 1503 1307 1544 Quum
1330 1501 1521 1545 Episcopus
1543 1502 1635 1534 esset
1657 1501 1845 1535 destitutus

514 1568 575 1599 spe
611 1557 728 1600 galeri,
761 1558 974 1601 sentiretque
1003 1557 1107 1591 illum
1136 1557 1176 1590 in
1205 1567 1322 1590 amore
1360 1567 1484 1599 pamm
1514 1556 1737 1589 constantem
1766 1567 1845 1600 erga

515 1621 645 1653 omnes,
662 1611 734 1655 egit
755 1613 795 1645 vt
817 1612 885 1646 iret
900 1612 1076 1645 Lutetiam
1098 1611 1207 1645 studii
1229 1610 1349 1654 gratia.
1399 1610 1621 1644 Promissum
1642 1612 1698 1644 eet
1719 1611 1845 1655 stipen-

513 1665 614 1699 dium
641 1676 799 1699 annuum
811 1678 821 1708 ;
853 1666 945 1700 nihil
969 1666 1118 1700 missum
1140 1667 1202 1699 est.
1252 1665 1309 1699 Sic
1331 1664 1445 1698 solent
1470 1663 1655 1708 principes.
1703 1664 1787 1700 mio
1807 1665 1844 1700 in

513 1719 660 1763 collegio
684 1719 814 1754 Montis
835 1720 928 1754 acuti
950 1732 993 1755 ex
1016 1719 1177 1763 putribus
1202 1719 1279 1754 ouis
1300 1720 1338 1752 et
1358 1719 1516 1753 cubiculo
1538 1718 1667 1753 infecto
1689 1720 1844 1764 concepit

448 1786 499 1815 105
513 1773 686 1816 morbum,
704 1774 769 1808 hoc
784 1777 837 1809 est
852 1774 983 1809 malam
1004 1774 1155 1818 corporis
1175 1775 1277 1808 antea
1297 1773 1476 1816 purissimi
1496 1773 1730 1808 affectionem.
1779 1775 1845 1810 Ita·

512 1840 579 1872 que
601 1828 706 1863 rediit
727 1828 771 1863 ad
795 1829 1015 1872 Episcopum.
1064 1829 1238 1871 Acceptus
1258 1829 1312 1862 est
1335 1827 1533 1861 honorifice.
1582 1827 1774 1864 Recreatus
1794 1830 1845 1864 eet

512 1894 534 1917 a
552 1883 676 1917 morbo
691 1883 824 1927 Bergis.
875 1883 1011 1917 Reuieit
1031 1882 1260 1916 Hollandiam
1280 1882 1345 1916 hoc
1367 1882 1495 1925 animo,
1511 1883 1552 1916 vt
1571 1884 1734 1917 maneret
1754 1882 1842 1927 apud

512 1948 607 1971 suos.
651 1936 719 1971 Sed
742 1937 829 1981 ipsis
850 1938 944 1972 vltro
966 1937 1190 1971 hortantibus
1213 1936 1317 1970 rediit
1341 1936 1528 1970 Lutetiam.
1576 1936 1634 1970 Ibi
1656 1936 1844 1972 destitutus

512 1991 643 2025 auxilio
667 1991 874 2026 Maecenatis
898 1991 988 2026 vixit
1010 1993 1128 2027 verius
1154 2001 1259 2034 quam
1284 1991 1439 2032 studuit3
1471 1992 1506 2024 et
1532 1990 1576 2025 ob
1607 1991 1843 2035 pestilentiam

449 2056 501 2076 κιο
514 2044 565 2085 ibi
602 2044 725 2078 multis
754 2045 857 2079 annis
895 2048 1098 2089 perpetuam
1131 2045 1286 2088 singulos
1315 2056 1425 2078 annos
1455 2044 1670 2079 redeundum
1701 2047 1779 2082 erat
1807 2046 1842 2080 in

513 2098 673 2142 patriam.
730 2100 766 2133 A
789 2099 905 2133 studio
932 2099 1122 2143 theologiae
1152 2099 1368 2141 abhorrebat,
1394 2099 1486 2143 quod
1513 2099 1658 2133 sentiret
1686 2100 1844 2135 animum

515 2162 589 2186 non
611 2164 822 2196 propensum
847 2155 888 2187 vt
910 2154 1029 2188 omnia
1052 2153 1192 2187 illorum
1214 2153 1442 2187 fundamenta
1466 2152 1698 2198 subuertemt,
1721 2154 1844 2190 deinde

514 2206 674 2241 futurum
689 2209 727 2241 vt
742 2207 906 2242 haeretici
920 2219 1048 2242 nomen
1065 2207 1270 2242 inureretur.
1318 2208 1485 2250 Tandem,
1503 2207 1565 2243 vbi
1579 2209 1697 2243 totum
1711 2220 1844 2244 annum

513 2261 665 2296 saeuiret
686 2262 804 2306 pestis,
823 2263 958 2296 coactus
979 2263 1032 2297 est
1048 2261 1246 2296 Louanium
1268 2261 1509 2306 commigrare.
1556 2262 1653 2296 Ante
1674 2262 1844 2298 inuiserat

447 2326 499 2356 115
513 2316 681 2361 Angliam
703 2316 741 2351 in
763 2317 910 2361 gratiam
933 2316 1103 2359 Montioii,
1126 2317 1204 2351 tum
1227 2316 1389 2360 discipuli
1411 2327 1506 2351 nunc
1526 2316 1756 2359 Maecenati„
1784 2316 1844 2352 sed

512 2371 616 2406 amici
639 2371 757 2406 verius
780 2383 884 2417 quam
910 2372 1063 2416 benigni.
1113 2371 1157 2407 Id
1179 2371 1349 2414 temporis
1372 2372 1530 2406 omnium
1555 2371 1730 2407 bonorum
1752 2371 1843 2417 apud

548 2448 594 2483 85.
614 2448 787 2483 eloquentia
799 2458 825 2477 α.
946 2450 992 2484 89.
1012 2448 1180 2477 lactabatur
1193 2448 1224 2476 0²
1231 2458 1257 2477 a.
1374 2456 1420 2483 9ο.
1441 2448 1481 2476 Et
1493 2449 1601 2511 tamen!
1610 2450 1649 2476 0.
1666 2449 1804 2477 attamen
1815 2457 1841 2477 c.

512 2493 558 2520 94.
579 2485 734 2513 Professus
746 2486 791 2512 cst
803 2494 855 2514 om.
868 2496 893 2513 α.
1035 2493 1095 2520 103.
1116 2485 1186 2513 Illic
1200 2486 1238 2512 0:
1256 2483 1327 2512 Illic
1341 2492 1413 2512 vero
1424 2494 1451 2514 α.

513 2521 649 2557 concepit
663 2523 700 2549 0:
718 2522 831 2556 accepit
843 2531 870 2549 a.
956 2530 1016 2557 ¹⁰7·
1036 2522 1174 2549 maneret
1187 2522 1226 2548 οε
1242 2521 1360 2548 veniret
1372 2531 1398 2549 ιι.
1485 2528 1544 2556 ²1⁵·
1567 2519 1643 2549 ⁰²⁶:
1603 2485 1842 2558 naiman&
1813 2518 1844 2549 0⁸

513 2559 582 2585 tum
595 2559 632 2585 0:
652 2559 727 2585 tunc
737 2567 764 2585 α.

550 2650 596 2684 89.
620 2649 764 2687 iactabar]
784 2658 824 2678 an
846 2649 1044 2677 unconscious
1066 2648 1147 2684 lapso
1206 2648 1246 2676 he
1264 2648 1359 2676 found
1376 2649 1461 2676 these
1477 2647 1577 2677 worda
1594 2648 1723 2677 written
1741 2649 1777 2678 in
1794 2649 1848 2678 the

514 2685 581 2713 into
590 2686 643 2714 the
650 2686 716 2714 first
725 2694 842 2721 person.
884 2685 1001 2714 Merula
1011 2693 1151 2720 proposes
1206 2685 1324 2721 margin
1341 2684 1374 2713 of
1387 2685 1441 2713 the
1457 2684 1596 2720 original,
1609 2693 1627 2713 a
1806 2686 1847 2721 by

513 2724 659 2749 nascatur
670 2723 703 2749 in
716 2723 768 2750 the
780 2723 908 2758 margin.
1206 2722 1260 2749 the
1278 2729 1361 2749 same
1378 2720 1482 2756 hand,
1506 2722 1561 2749 but
1577 2720 1618 2749 he
1659 2729 1712 2750 cea
1725 2724 1783 2751 not
1799 2722 1848 2751 in·

549 2767 596 2794 94.
616 2758 770 2787 Professus
782 2759 842 2795 est]
858 2758 972 2787 Merula
983 2758 1068 2786 notes
1082 2757 1150 2785 that
1206 2759 1359 2793 corporate
1371 2758 1480 2786 them
1470 2742 1505 2786 in
1516 2757 1567 2786 his
1576 2759 1650 2787 text.
