2248 3363
487 395 530 426 42
879 390 1091 429 LETTERS,
1120 390 1180 424 OF
1209 390 1433 425 ERASMUS
1717 387 1827 436 [¹5²⁴

578 480 684 513 Liber
698 478 1026 513 Antibarbarorum.

579 535 632 567 De
647 533 759 567 libero
773 532 919 567 arbitrio
934 532 1088 575 διατριβή.

535 640 659 673 Nonus
690 639 823 672 (licetur
852 637 1019 682 Epistolis
1047 637 1269 680 Hieronymi,
1303 637 1341 672 in
1372 638 1500 682 quibus
1528 639 1669 672 tantum
1697 637 1829 672 laboris

489 706 511 728 a
527 693 629 728 nobis
642 693 852 727 exhaustum
867 693 930 735 eet,
949 694 990 725 vt
1004 703 1075 725 non
1089 691 1312 735 impudenter
1330 693 1462 735 possim
1482 692 1548 726 hoc
1563 703 1650 736 opus
1665 703 1829 727 meorum

459 765 477 793 5
490 748 646 791 catalogo
660 748 834 788 attexere;
856 757 1055 789 quanquam
1075 747 1111 780 et
1133 746 1172 779 in
1187 746 1327 780 Hilario
1347 757 1419 780 non
1441 757 1567 790 parum
1587 748 1663 780 erat
1681 746 1825 790 negotii,

491 802 652 837 nonnihil
668 802 707 835 in
719 800 902 845 Cypriane.
940 800 994 834 De
1004 800 1136 843 Quinto
1147 800 1269 835 Curtio
1285 800 1374 835 nihil
1391 801 1514 843 dicam,
1529 802 1573 836 de
1588 802 1722 835 Seneca
1736 801 1829 835 nihil

490 857 581 891 mihi
603 867 745 900 possum
767 855 953 897 vindicare,
972 854 1042 889 nisi
1064 855 1156 898 quod
1180 855 1254 889 illic
1275 855 1362 889 dum
1385 855 1537 890 nimium
1555 856 1626 890 fido
1646 856 1829 899 promiaeis

492 912 694 953 amicorum,
712 911 866 944 multum
886 910 1014 944 laboris
1034 909 1180 954 perdidi.
1228 910 1266 944 Si
1287 910 1448 945 Christus
1465 910 1703 954 suppeditabit
1717 911 1829 945 vitam

492 978 532 1000 ac
543 966 635 1001 vires
643 969 682 1000 vt
694 965 874 1000 absoluam
886 964 1163 999 Commentarios
1177 964 1215 998 in
1229 964 1422 1009 Epistolam
1434 965 1477 1000 ad
1489 965 1674 1007 Romanos,
1688 975 1829 1009 occupa-

445 1036 479 1056 ιο
492 1020 581 1055 bunt
595 1020 760 1054 volumen
775 1019 972 1054 Decimam.

536 1075 616 1110 Scio
630 1075 696 1109 tibi
717 1074 925 1109 iamdudum
945 1074 1132 1107 molestam
1151 1084 1226 1106 esse
1241 1075 1315 1107 tam
1331 1073 1504 1116 prolixam
1524 1074 1829 1117 supputationem3

490 1141 613 1164 verum
628 1130 695 1163 hoc
710 1131 765 1163 est
784 1128 982 1172 catalogum
999 1129 1155 1171 scribere,
1175 1130 1280 1171 atque
1299 1129 1385 1162 adeo
1405 1129 1436 1162 si
1456 1129 1513 1162 cui
1530 1129 1681 1172 placebit
1704 1129 1744 1163 in
1764 1129 1829 1162 hoc

491 1196 617 1229 genere
631 1195 752 1217 omnes
767 1182 965 1226 diligentiae
988 1194 1152 1217 numeros
1170 1182 1357 1226 absoluere,
1379 1184 1483 1217 addat
1501 1183 1649 1228 singulis
1668 1182 1830 1227 operibus

493 1239 602 1281 initia,
616 1239 708 1282 quod
719 1249 740 1271 a
751 1237 852 1272 nobis
867 1238 905 1271 in
920 1237 1101 1281 perpaucis
1111 1237 1241 1271 factum
1257 1240 1310 1272 est
1321 1238 1583 1281 obscurioribus,
1598 1249 1643 1272 ne
1653 1237 1827 1272 fallerent.

446 1311 458 1331 ι
463 1311 479 1338 5
493 1295 604 1329 Video
619 1292 717 1337 cupis
731 1292 862 1327 dimitti
875 1305 884 1334 ς
906 1292 943 1326 id
955 1292 1078 1326 faciam
1091 1292 1151 1326 vbi
1166 1293 1285 1336 paucis
1300 1293 1508 1337 respondero
1522 1293 1612 1336 istis,
1626 1293 1688 1337 qui
1702 1292 1830 1327 iactant

494 1360 551 1383 me
566 1360 609 1383 ex
625 1347 906 1382 lucubrationum
921 1358 1077 1381 mearum
1094 1347 1366 1382 dedicationibus
1380 1347 1514 1392 amplas
1533 1348 1676 1392 praedas
1691 1348 1827 1389 referre,

493 1405 675 1448 propterea
700 1402 792 1446 quod
817 1401 991 1446 permulta
1017 1401 1159 1435 dicarim
1185 1402 1272 1436 viris
1295 1402 1518 1446 principibus.
1567 1402 1664 1437 Hinc
1695 1413 1754 1437 me
1784 1413 1832 1436 ear

494 1457 714 1492 lumniantur
744 1456 887 1500 quidam
911 1456 969 1490 vel
993 1456 1123 1489 famam
1145 1457 1266 1491 venari
1289 1457 1346 1491 vel
1372 1458 1565 1500 pecuniam,
1592 1459 1654 1491 aut
1674 1457 1831 1492 fortassis

495 1515 679 1557 vtrunque.
728 1512 781 1545 De
795 1511 888 1545 fama
904 1522 1108 1554 responsum
1128 1512 1182 1545 est
1200 1511 1295 1554 alias,
1314 1523 1372 1545 me
1393 1511 1449 1545 hic
1465 1512 1590 1546 studiis
1603 1511 1830 1547 ambiciosum

447 1582 481 1603 20
494 1568 601 1609 fuisse
639 1566 756 1611 potius
787 1577 891 1610 quam
921 1566 1021 1600 mihi.
1081 1566 1150 1599 His
1183 1567 1416 1609 prouehendis
1446 1567 1663 1610 captauimus
1691 1567 1831 1600 illorum

495 1623 659 1664 fauorem,
677 1632 790 1664 neque
810 1621 921 1654 defuit
943 1632 1120 1654 successus
1140 1622 1257 1654 nostro
1279 1621 1461 1664 proposito.
1511 1621 1727 1663 Quibusdam
1744 1621 1832 1655 bene

495 1678 539 1711 de
569 1688 628 1710 me
656 1676 791 1710 meritis
821 1675 886 1709 hoc
912 1675 1023 1709 officio
1047 1675 1144 1709 volui
1169 1687 1242 1709 non
1266 1675 1409 1719 quidem
1436 1676 1563 1710 referre
1587 1676 1747 1719 gratiam,
1773 1675 1831 1711 sed

495 1732 655 1766 animum
670 1730 799 1774 accepti
816 1730 976 1772 beneficii
991 1742 1183 1765 memorem
1200 1730 1330 1765 testari.

541 1788 594 1821 De
616 1788 786 1830 prouentu
811 1796 906 1819 nunc
926 1785 1041 1828 accipe
1062 1785 1241 1819 rationem.
1287 1785 1394 1828 Apud
1414 1786 1544 1820 amicos
1563 1785 1753 1820 mediocres
1769 1785 1832 1820 scis

447 1855 480 1884 25
495 1842 570 1885 ipse
587 1853 691 1885 quam
708 1852 781 1874 non
793 1840 860 1874 sim
873 1839 1057 1883 φιλόδωρος,
1071 1840 1131 1882 qui
1147 1840 1288 1874 tentatis
1296 1840 1461 1874 omnibus
1472 1840 1561 1874 nihil
1577 1840 1667 1874 mihi
1681 1840 1832 1884 potueris

495 1896 687 1931 obtrudere.
739 1895 829 1929 Nam
852 1895 909 1929 hic
933 1905 1097 1939 synesi-us
1119 1894 1257 1928 animus
1280 1894 1369 1928 mihi
1390 1894 1515 1939 quouis
1537 1895 1627 1928 dono
1650 1895 1834 1938 preciosior

495 1953 559 1985 est.
608 1951 717 1985 Porro
739 1961 850 1994 quum
872 1950 958 1984 artis
981 1949 1030 1983 sit
1050 1960 1182 1982 munus
1199 1948 1257 1983 vel
1280 1949 1433 1992 accipere
1456 1950 1583 1991 dextre,
1603 1949 1660 1983 vel
1680 1959 1833 1984 recusare

496 2005 650 2045 comiter,
669 2005 785 2039 sciunt
805 2004 909 2038 amici
929 2015 987 2039 me
1005 2004 1109 2047 louge
1130 2003 1347 2037 disertiorem
1368 2014 1442 2037 esse
1465 2003 1502 2036 in
1524 2004 1714 2038 recusando
1730 2015 1833 2048 quam

497 2060 536 2092 in
565 2058 774 2101 accipiendo.
823 2058 921 2100 Quod
953 2059 983 2092 si
1015 2058 1154 2102 quando
1181 2057 1265 2101 quid
1295 2057 1339 2091 ab
1366 2057 1424 2091 his
1452 2057 1504 2092 sic
1528 2059 1674 2092 offertur
1696 2061 1738 2093 vt
1764 2069 1832 2093 non

447 2129 484 2156 30
499 2113 599 2147 liceat
622 2124 786 2155 recusare,
813 2113 906 2146 soleo
930 2124 992 2156 pro
1013 2112 1147 2147 viribus
1168 2112 1263 2156 paria
1285 2112 1406 2155 facere,
1429 2117 1490 2147 aut
1513 2112 1618 2148 etiam
1642 2113 1784 2148 vincere
1806 2113 1834 2147 si

498 2179 633 2212 queam.
671 2167 726 2201 Ex
740 2167 798 2201 his
814 2167 921 2211 igitur
936 2179 1023 2211 quae
1040 2178 1111 2200 non
1126 2178 1234 2210 pauca
1248 2167 1441 2201 dicauimus
1455 2168 1577 2202 amicis
1591 2167 1832 2210 mediocribus,

498 2222 756 2266 amplissimum
772 2221 925 2256 fructum
941 2221 1046 2265 capio,
1060 2222 1151 2264 quod
1167 2221 1238 2255 illis
1252 2222 1466 2266 gratificatus
1481 2233 1570 2264 sum,
1584 2222 1677 2266 quod
1693 2222 1834 2257 illorum

500 2277 704 2311 memoriam
728 2287 809 2310 cum
832 2287 911 2310 mea
934 2276 1106 2318 coniunxi,
1126 2276 1282 2310 fortassis
1305 2278 1341 2310 et
1362 2277 1453 2319 apud
1473 2277 1629 2320 posteros
1649 2276 1831 2311 victuram.

499 2332 553 2367 De
567 2331 783 2376 principibus
797 2331 885 2365 illud
901 2330 990 2364 mihi
1011 2331 1237 2374 praefandum
1252 2332 1314 2373 est,
1333 2342 1392 2364 me
1407 2331 1614 2374 quibusdam
1629 2342 1702 2365 non
1718 2331 1835 2366 minus

448 2396 485 2424 35
500 2387 625 2422 debere
645 2386 707 2430 qui
730 2386 820 2419 nihil
845 2386 1015 2419 dederunt
1038 2397 1143 2428 quam
1166 2385 1227 2428 qui
1247 2386 1428 2427 dederunt,
1447 2388 1484 2419 et
1506 2386 1563 2419 his
1583 2386 1645 2429 qui
1667 2386 1837 2420 dederunt

499 2442 564 2476 hoc
588 2441 739 2484 amplius
764 2439 897 2482 debere,
924 2440 1016 2483 quod
1039 2440 1131 2473 vltro
1160 2440 1339 2474 dederunt.
1388 2440 1611 2474 Guilhelmus
1635 2439 1833 2483 Montioius,

500 2496 715 2530 clarissimus
728 2494 878 2538 Angliae
893 2494 984 2537 baro,
1004 2494 1061 2528 cui
1081 2494 1353 2529 Prouerbiorum
1377 2506 1465 2538 opus
1485 2498 1521 2529 et
1540 2496 1655 2529 totum
1677 2497 1714 2529 et
1737 2496 1837 2529 toties

501 2551 572 2584 iam
598 2549 849 2594 locupletatum
874 2549 1040 2591 dedicaui,
1067 2550 1132 2582 scit
1158 2559 1216 2582 me
1240 2548 1307 2583 sibi
1334 2549 1448 2583 multo
1473 2549 1554 2593 plus
1583 2549 1708 2584 debere
1738 2549 1837 2585 bene-

503 2605 676 2638 uolentiae
706 2615 812 2648 quam
843 2603 1105 2637 munificentiae
1135 2603 1287 2638 nomine.
1337 2604 1378 2638 R.
1408 2603 1451 2638 D.
1478 2604 1704 2638 Guilhelmus
1731 2604 1838 2639 archi-

452 2673 490 2701 ⁴0
503 2659 682 2702 episcopus
693 2657 953 2693 Cantuaiiensis
965 2657 1227 2701 promptissima
1238 2658 1276 2691 in
1287 2669 1346 2691 me
1360 2657 1577 2701 benignitate
1587 2660 1641 2692 est
1651 2670 1739 2694 vsus
1750 2672 1760 2702 ς
1779 2659 1837 2693 sed

504 2716 538 2747 et
555 2712 612 2746 hic
626 2713 714 2746 mihi
730 2713 829 2746 testis
844 2713 912 2746 erit
928 2723 1033 2755 quam
1055 2723 1155 2755 saepe
1170 2712 1319 2746 delatam
1341 2712 1620 2746 munificentiam
1636 2714 1836 2756 recussi-im,

1051 2782 1093 2807 17.
1112 2774 1188 2801 viris
1200 2783 1249 2801 om.
1264 2774 1288 2800 δ.
