<?xml version="1.0" encoding="UTF-8"?>
<!DOCTYPE html PUBLIC "-//W3C//DTD XHTML 1.0 Transitional//EN"
    "http://www.w3.org/TR/xhtml1/DTD/xhtml1-transitional.dtd">
<html xmlns="http://www.w3.org/1999/xhtml" xml:lang="en" lang="en">
 <head>
  <title>
</title>
<meta http-equiv="Content-Type" content="text/html;charset=utf-8" />
  <meta name='ocr-system' content='tesseract 3.04.00' />
  <meta name='ocr-capabilities' content='ocr_page ocr_carea ocr_par ocr_line ocrx_word'/>
</head>
<body>
  <div class='ocr_page' id='page_1' title='image "./opusepistolarum00garrgoog_0058.png"; bbox 0 0 2248 3363; ppageno 0'>
   <div class='ocr_carea' id='block_1_1' title="bbox 493 379 1829 429">
    <p class='ocr_par' dir='ltr' id='par_1_1' title="bbox 493 379 1829 429">
     <span class='ocr_line' id='line_1_1' title="bbox 493 379 1829 429; baseline -0.001 -11"><span class='ocrx_word' id='word_1_1' title='bbox 493 387 538 418; x_wconf 82' lang='lat'><strong>30</strong></span> <span class='ocrx_word' id='word_1_2' title='bbox 882 382 1093 418; x_wconf 72' lang='lat' dir='ltr'>LETTERS</span> <span class='ocrx_word' id='word_1_3' title='bbox 1122 381 1183 417; x_wconf 74' lang='lat' dir='ltr'><strong>or</strong></span> <span class='ocrx_word' id='word_1_4' title='bbox 1212 381 1435 417; x_wconf 74' lang='lat' dir='ltr'><strong>ERAsts</strong></span> <span class='ocrx_word' id='word_1_5' title='bbox 1719 379 1829 429; x_wconf 77' lang='lat'>[1524</span> 
     </span>
    </p>
   </div>
   <div class='ocr_carea' id='block_1_2' title="bbox 447 470 1840 2807">
    <p class='ocr_par' dir='ltr' id='par_1_2' title="bbox 447 470 1840 2807">
     <span class='ocr_line' id='line_1_2' title="bbox 491 470 1832 516; baseline -0.001 -9"><span class='ocrx_word' id='word_1_6' title='bbox 491 473 625 516; x_wconf 82' lang='lat' dir='ltr'><strong>aliaque</strong></span> <span class='ocrx_word' id='word_1_7' title='bbox 648 472 831 516; x_wconf 78' lang='lat' dir='ltr'><strong>permulta,</strong></span> <span class='ocrx_word' id='word_1_8' title='bbox 858 482 945 515; x_wconf 79' lang='lat' dir='ltr'><strong>quae</strong></span> <span class='ocrx_word' id='word_1_9' title='bbox 969 482 1031 514; x_wconf 89' lang='lat' dir='ltr'><strong>pro</strong></span> <span class='ocrx_word' id='word_1_10' title='bbox 1052 470 1196 504; x_wconf 86' lang='lat' dir='ltr'><strong>modulo</strong></span> <span class='ocrx_word' id='word_1_11' title='bbox 1217 470 1348 514; x_wconf 81' lang='lat' dir='ltr'><strong>gratiae</strong></span> <span class='ocrx_word' id='word_1_12' title='bbox 1369 470 1461 504; x_wconf 87' lang='lat' dir='ltr'><strong>mihi</strong></span> <span class='ocrx_word' id='word_1_13' title='bbox 1487 471 1588 505; x_wconf 86' lang='lat' dir='ltr'><strong>datae</strong></span> <span class='ocrx_word' id='word_1_14' title='bbox 1610 470 1722 513; x_wconf 89' lang='lat' dir='ltr'><strong>docui,</strong></span> <span class='ocrx_word' id='word_1_15' title='bbox 1747 481 1832 506; x_wconf 90' lang='lat' dir='ltr'><strong>con-</strong></span> 
     </span>
     <span class='ocr_line' id='line_1_3' title="bbox 491 525 1832 569; baseline -0.001 -7"><span class='ocrx_word' id='word_1_16' title='bbox 491 529 627 562; x_wconf 83' lang='lat' dir='ltr'><strong>stanter</strong></span> <span class='ocrx_word' id='word_1_17' title='bbox 657 527 767 568; x_wconf 81' lang='lat' dir='ltr'><strong>docui,</strong></span> <span class='ocrx_word' id='word_1_18' title='bbox 792 537 863 560; x_wconf 90' lang='lat' dir='ltr'><strong>non</strong></span> <span class='ocrx_word' id='word_1_19' title='bbox 900 526 1102 569; x_wconf 74' lang='lat' dir='ltr'><strong>obstrepens</strong></span> <span class='ocrx_word' id='word_1_20' title='bbox 1131 526 1293 569; x_wconf 87' lang='lat' dir='ltr'><strong>cuiquam</strong></span> <span class='ocrx_word' id='word_1_21' title='bbox 1322 526 1383 569; x_wconf 90' lang='lat' dir='ltr'><strong>qui</strong></span> <span class='ocrx_word' id='word_1_22' title='bbox 1412 526 1548 559; x_wconf 87' lang='lat' dir='ltr'><strong>doceret</strong></span> <span class='ocrx_word' id='word_1_23' title='bbox 1578 525 1733 561; x_wconf 81' lang='lat' dir='ltr'><strong>meliora.</strong></span> <span class='ocrx_word' id='word_1_24' title='bbox 1782 526 1832 560; x_wconf 81' lang='lat' dir='ltr'><strong>Et</strong></span> 
     </span>
     <span class='ocr_line' id='line_1_4' title="bbox 493 579 1833 624; baseline -0.002 -7"><span class='ocrx_word' id='word_1_25' title='bbox 493 582 662 617; x_wconf 86' lang='lat' dir='ltr'><strong>Erasmus</strong></span> <span class='ocrx_word' id='word_1_26' title='bbox 681 581 771 614; x_wconf 89' lang='lat' dir='ltr'><strong>nihil</strong></span> <span class='ocrx_word' id='word_1_27' title='bbox 791 579 910 614; x_wconf 88' lang='lat' dir='ltr'><strong>docuit</strong></span> <span class='ocrx_word' id='word_1_28' title='bbox 931 580 1001 614; x_wconf 87' lang='lat' dir='ltr'><strong>nisi</strong></span> <span class='ocrx_word' id='word_1_29' title='bbox 1022 579 1268 624; x_wconf 74' lang='lat' dir='ltr'><strong>eloquentiam.</strong></span> <span class='ocrx_word' id='word_1_30' title='bbox 1316 580 1465 614; x_wconf 85' lang='lat' dir='ltr'><strong>Vtinam</strong></span> <span class='ocrx_word' id='word_1_31' title='bbox 1480 580 1575 614; x_wconf 88' lang='lat' dir='ltr'><strong>istud</strong></span> <span class='ocrx_word' id='word_1_32' title='bbox 1598 579 1833 623; x_wconf 75' lang='lat' dir='ltr'><strong>persuadeant</strong></span> 
     </span>
     <span class='ocr_line' id='line_1_5' title="bbox 492 634 1832 680; baseline -0.001 -10"><span class='ocrx_word' id='word_1_33' title='bbox 492 636 615 670; x_wconf 87' lang='lat' dir='ltr'><strong>amicis</strong></span> <span class='ocrx_word' id='word_1_34' title='bbox 644 636 732 670; x_wconf 85' lang='lat' dir='ltr'><strong>meis</strong></span> <span class='ocrx_word' id='word_1_35' title='bbox 761 636 992 680; x_wconf 73' lang='grc' dir='ltr'>ματαιολόγοις,</span> <span class='ocrx_word' id='word_1_36' title='bbox 1026 635 1087 679; x_wconf 90' lang='lat' dir='ltr'><strong>qui</strong></span> <span class='ocrx_word' id='word_1_37' title='bbox 1117 637 1316 668; x_wconf 74' lang='lat' dir='ltr'><strong>constanter</strong></span> <span class='ocrx_word' id='word_1_38' title='bbox 1345 634 1484 676; x_wconf 84' lang='lat' dir='ltr'><strong>iactant,</strong></span> <span class='ocrx_word' id='word_1_39' title='bbox 1516 634 1680 678; x_wconf 90' lang='lat' dir='ltr'><strong>quicquid</strong></span> <span class='ocrx_word' id='word_1_40' title='bbox 1711 634 1832 669; x_wconf 86' lang='lat' dir='ltr'><strong>docuit</strong></span> 
     </span>
     <span class='ocr_line' id='line_1_6' title="bbox 462 688 1831 733; baseline -0.001 -8"><span class='ocrx_word' id='word_1_41' title='bbox 462 702 478 730; x_wconf 81' lang='lat'><strong>5</strong></span> <span class='ocrx_word' id='word_1_42' title='bbox 494 691 654 732; x_wconf 85' lang='lat' dir='ltr'><strong>Luterus,</strong></span> <span class='ocrx_word' id='word_1_43' title='bbox 681 690 836 724; x_wconf 74' lang='lat' dir='ltr'><strong>hausisse</strong></span> <span class='ocrx_word' id='word_1_44' title='bbox 859 701 880 724; x_wconf 89' lang='lat' dir='ltr'><strong>e</strong></span> <span class='ocrx_word' id='word_1_45' title='bbox 903 689 1043 733; x_wconf 87' lang='lat' dir='ltr'><strong>scriptis</strong></span> <span class='ocrx_word' id='word_1_46' title='bbox 1071 689 1168 725; x_wconf 85' lang='lat' dir='ltr'><strong>meis.</strong></span> <span class='ocrx_word' id='word_1_47' title='bbox 1230 689 1386 723; x_wconf 81' lang='lat' dir='ltr'><strong>Tametsi</strong></span> <span class='ocrx_word' id='word_1_48' title='bbox 1416 700 1488 723; x_wconf 88' lang='lat' dir='ltr'><strong>non</strong></span> <span class='ocrx_word' id='word_1_49' title='bbox 1517 689 1659 723; x_wconf 86' lang='lat' dir='ltr'><strong>inuideo</strong></span> <span class='ocrx_word' id='word_1_50' title='bbox 1688 688 1831 723; x_wconf 77' lang='lat' dir='ltr'><strong>laudem</strong></span> 
     </span>
     <span class='ocr_line' id='line_1_7' title="bbox 493 743 1829 788; baseline 0 -9"><span class='ocrx_word' id='word_1_51' title='bbox 493 745 600 779; x_wconf 83' lang='lat' dir='ltr'><strong>istam</strong></span> <span class='ocrx_word' id='word_1_52' title='bbox 624 745 776 786; x_wconf 74' lang='lat' dir='ltr'><strong>Luter03</strong></span> <span class='ocrx_word' id='word_1_53' title='bbox 807 744 933 779; x_wconf 82' lang='lat' dir='ltr'><strong>habeat</strong></span> <span class='ocrx_word' id='word_1_54' title='bbox 958 744 998 778; x_wconf 87' lang='lat' dir='ltr'><strong>in</strong></span> <span class='ocrx_word' id='word_1_55' title='bbox 1022 744 1186 785; x_wconf 87' lang='lat' dir='ltr'><strong>solidum,</strong></span> <span class='ocrx_word' id='word_1_56' title='bbox 1210 745 1316 778; x_wconf 88' lang='lat' dir='ltr'><strong>modo</strong></span> <span class='ocrx_word' id='word_1_57' title='bbox 1346 744 1557 787; x_wconf 85' lang='lat' dir='ltr'><strong>glorificetur</strong></span> <span class='ocrx_word' id='word_1_58' title='bbox 1581 743 1829 788; x_wconf 71' lang='lat' dir='ltr'><strong>Euangelium.</strong></span> 
     </span>
     <span class='ocr_line' id='line_1_8' title="bbox 495 798 1832 843; baseline -0.001 -9"><span class='ocrx_word' id='word_1_59' title='bbox 495 800 641 834; x_wconf 81' lang='lat' dir='ltr'><strong>Summa</strong></span> <span class='ocrx_word' id='word_1_60' title='bbox 656 799 845 833; x_wconf 86' lang='lat' dir='ltr'><strong>criminum</strong></span> <span class='ocrx_word' id='word_1_61' title='bbox 859 810 1019 834; x_wconf 86' lang='lat' dir='ltr'><strong>meorum</strong></span> <span class='ocrx_word' id='word_1_62' title='bbox 1032 801 1086 833; x_wconf 82' lang='lat' dir='ltr'><strong>est</strong></span> <span class='ocrx_word' id='word_1_63' title='bbox 1098 799 1190 843; x_wconf 88' lang='lat' dir='ltr'><strong>quod</strong></span> <span class='ocrx_word' id='word_1_64' title='bbox 1205 810 1285 832; x_wconf 87' lang='lat' dir='ltr'><strong>sum</strong></span> <span class='ocrx_word' id='word_1_65' title='bbox 1301 799 1532 841; x_wconf 83' lang='lat' dir='ltr'><strong>moderatior;</strong></span> <span class='ocrx_word' id='word_1_66' title='bbox 1555 800 1591 833; x_wconf 89' lang='lat' dir='ltr'><strong>et</strong></span> <span class='ocrx_word' id='word_1_67' title='bbox 1605 798 1672 832; x_wconf 84' lang='lat' dir='ltr'><strong>hoc</strong></span> <span class='ocrx_word' id='word_1_68' title='bbox 1687 800 1832 832; x_wconf 89' lang='lat' dir='ltr'><strong>nomine</strong></span> 
     </span>
     <span class='ocr_line' id='line_1_9' title="bbox 493 852 1832 897; baseline -0.001 -9"><span class='ocrx_word' id='word_1_69' title='bbox 493 854 585 888; x_wconf 81' lang='lat' dir='ltr'><strong>male</strong></span> <span class='ocrx_word' id='word_1_70' title='bbox 605 854 710 888; x_wconf 84' lang='lat' dir='ltr'><strong>audio</strong></span> <span class='ocrx_word' id='word_1_71' title='bbox 729 854 901 897; x_wconf 83' lang='lat' dir='ltr'><strong>vtrinque,</strong></span> <span class='ocrx_word' id='word_1_72' title='bbox 919 854 1011 897; x_wconf 85' lang='lat' dir='ltr'><strong>quod</strong></span> <span class='ocrx_word' id='word_1_73' title='bbox 1032 855 1216 896; x_wconf 81' lang='lat' dir='ltr'><strong>vtramque</strong></span> <span class='ocrx_word' id='word_1_74' title='bbox 1238 855 1371 896; x_wconf 76' lang='lat' dir='ltr'><strong>partem</strong></span> <span class='ocrx_word' id='word_1_75' title='bbox 1390 853 1511 887; x_wconf 88' lang='lat' dir='ltr'><strong>horter</strong></span> <span class='ocrx_word' id='word_1_76' title='bbox 1523 853 1567 887; x_wconf 87' lang='lat' dir='ltr'><strong>ad</strong></span> <span class='ocrx_word' id='word_1_77' title='bbox 1588 852 1832 896; x_wconf 64' lang='lat' dir='ltr'><strong>tranquilliora</strong></span> 
     </span>
     <span class='ocr_line' id='line_1_10' title="bbox 494 907 1833 951; baseline -0.001 -8"><span class='ocrx_word' id='word_1_78' title='bbox 494 909 650 944; x_wconf 83' lang='lat' dir='ltr'><strong>consilia.</strong></span> <span class='ocrx_word' id='word_1_79' title='bbox 697 908 910 943; x_wconf 74' lang='lat' dir='ltr'><strong>Libertatem</strong></span> <span class='ocrx_word' id='word_1_80' title='bbox 929 919 1001 942; x_wconf 90' lang='lat' dir='ltr'><strong>non</strong></span> <span class='ocrx_word' id='word_1_81' title='bbox 1024 908 1182 951; x_wconf 83' lang='lat' dir='ltr'><strong>improbo</strong></span> <span class='ocrx_word' id='word_1_82' title='bbox 1203 908 1371 941; x_wconf 88' lang='lat' dir='ltr'><strong>charitate</strong></span> <span class='ocrx_word' id='word_1_83' title='bbox 1388 907 1575 942; x_wconf 88' lang='lat' dir='ltr'><strong>conditam.</strong></span> <span class='ocrx_word' id='word_1_84' title='bbox 1622 908 1676 941; x_wconf 85' lang='lat' dir='ltr'><strong>Ex</strong></span> <span class='ocrx_word' id='word_1_85' title='bbox 1694 907 1833 942; x_wconf 82' lang='lat' dir='ltr'><strong>rabiosa</strong></span> 
     </span>
     <span class='ocr_line' id='line_1_11' title="bbox 447 961 1833 1006; baseline 0 -9"><span class='ocrx_word' id='word_1_86' title='bbox 447 972 481 992; x_wconf 83' lang='lat'><strong>10</strong></span> <span class='ocrx_word' id='word_1_87' title='bbox 494 963 736 997; x_wconf 74' lang='lat' dir='ltr'><strong>maledicentia</strong></span> <span class='ocrx_word' id='word_1_88' title='bbox 748 962 832 1006; x_wconf 90' lang='lat' dir='ltr'><strong>quid</strong></span> <span class='ocrx_word' id='word_1_89' title='bbox 847 962 941 996; x_wconf 82' lang='lat' dir='ltr'><strong>nasci</strong></span> <span class='ocrx_word' id='word_1_90' title='bbox 956 964 1071 1006; x_wconf 84' lang='lat' dir='ltr'><strong>potest</strong></span> <span class='ocrx_word' id='word_1_91' title='bbox 1083 962 1153 997; x_wconf 88' lang='lat' dir='ltr'><strong>nisi</strong></span> <span class='ocrx_word' id='word_1_92' title='bbox 1167 964 1311 996; x_wconf 81' lang='lat' dir='ltr'><strong>cruenta</strong></span> <span class='ocrx_word' id='word_1_93' title='bbox 1320 962 1448 996; x_wconf 87' lang='lat' dir='ltr'><strong>seditio</strong></span> <span class='ocrx_word' id='word_1_94' title='bbox 1458 963 1477 996; x_wconf 66' lang='grc' dir='ltr'><strong>’ἔ</strong></span> <span class='ocrx_word' id='word_1_95' title='bbox 1507 961 1546 996; x_wconf 79' lang='lat' dir='ltr'><strong>Si</strong></span> <span class='ocrx_word' id='word_1_96' title='bbox 1556 972 1621 995; x_wconf 86' lang='lat' dir='ltr'><strong>nos</strong></span> <span class='ocrx_word' id='word_1_97' title='bbox 1634 961 1833 997; x_wconf 82' lang='lat' dir='ltr'><strong>Romanam</strong></span> 
     </span>
     <span class='ocr_line' id='line_1_12' title="bbox 494 1016 1833 1060; baseline -0.001 -8"><span class='ocrx_word' id='word_1_98' title='bbox 494 1018 674 1054; x_wconf 81' lang='lat' dir='ltr'><strong>ecclesiam</strong></span> <span class='ocrx_word' id='word_1_99' title='bbox 699 1017 920 1059; x_wconf 82' lang='lat' dir='ltr'><strong>infamemus,</strong></span> <span class='ocrx_word' id='word_1_100' title='bbox 953 1019 991 1051; x_wconf 89' lang='lat' dir='ltr'><strong>et</strong></span> <span class='ocrx_word' id='word_1_101' title='bbox 1017 1017 1079 1051; x_wconf 84' lang='lat' dir='ltr'><strong>illa</strong></span> <span class='ocrx_word' id='word_1_102' title='bbox 1108 1016 1264 1050; x_wconf 80' lang='lat' dir='ltr'><strong>vicissim</strong></span> <span class='ocrx_word' id='word_1_103' title='bbox 1291 1019 1408 1050; x_wconf 47' lang='lat' dir='ltr'><strong>nemra</strong></span> <span class='ocrx_word' id='word_1_104' title='bbox 1432 1017 1553 1060; x_wconf 86' lang='lat' dir='ltr'><strong>prodat</strong></span> <span class='ocrx_word' id='word_1_105' title='bbox 1583 1016 1686 1058; x_wconf 82' lang='lat' dir='ltr'><strong>mala,</strong></span> <span class='ocrx_word' id='word_1_106' title='bbox 1713 1027 1833 1050; x_wconf 86' lang='lat' dir='ltr'><strong>nonne</strong></span> 
     </span>
     <span class='ocr_line' id='line_1_13' title="bbox 493 1070 1832 1116; baseline -0.001 -10"><span class='ocrx_word' id='word_1_107' title='bbox 493 1073 710 1116; x_wconf 85' lang='lat' dir='ltr'><strong>praeclarum</strong></span> <span class='ocrx_word' id='word_1_108' title='bbox 733 1071 970 1115; x_wconf 77' lang='lat' dir='ltr'><strong>spectaculum</strong></span> <span class='ocrx_word' id='word_1_109' title='bbox 994 1072 1137 1105; x_wconf 89' lang='lat' dir='ltr'><strong>aedetur</strong></span> <span class='ocrx_word' id='word_1_110' title='bbox 1160 1071 1320 1105; x_wconf 76' lang='lat' dir='ltr'><strong>hostibus</strong></span> <span class='ocrx_word' id='word_1_111' title='bbox 1345 1073 1487 1105; x_wconf 84' lang='lat' dir='ltr'><strong>nostrae</strong></span> <span class='ocrx_word' id='word_1_112' title='bbox 1510 1070 1720 1114; x_wconf 75' lang='lat' dir='ltr'><strong>religionis?</strong></span> <span class='ocrx_word' id='word_1_113' title='bbox 1758 1070 1832 1105; x_wconf 79' lang='lat' dir='ltr'><strong>Cle-</strong></span> 
     </span>
     <span class='ocr_line' id='line_1_14' title="bbox 493 1125 1833 1168; baseline -0.001 -7"><span class='ocrx_word' id='word_1_114' title='bbox 493 1137 594 1161; x_wconf 83' lang='lat' dir='ltr'><strong>mens</strong></span> <span class='ocrx_word' id='word_1_115' title='bbox 623 1126 725 1161; x_wconf 82' lang='lat' dir='ltr'><strong>offert</strong></span> <span class='ocrx_word' id='word_1_116' title='bbox 750 1137 824 1160; x_wconf 84' lang='lat' dir='ltr'><strong>sese</strong></span> <span class='ocrx_word' id='word_1_117' title='bbox 855 1128 1016 1168; x_wconf 87' lang='lat' dir='ltr'><strong>paratum</strong></span> <span class='ocrx_word' id='word_1_118' title='bbox 1046 1126 1090 1160; x_wconf 87' lang='lat' dir='ltr'><strong>ad</strong></span> <span class='ocrx_word' id='word_1_119' title='bbox 1120 1126 1359 1168; x_wconf 74' lang='lat' dir='ltr'><strong>corrigendam</strong></span> <span class='ocrx_word' id='word_1_120' title='bbox 1388 1125 1548 1159; x_wconf 85' lang='lat' dir='ltr'><strong>ecclesiae</strong></span> <span class='ocrx_word' id='word_1_121' title='bbox 1578 1125 1833 1168; x_wconf 66' lang='lat' dir='ltr'><strong>corruptelam</strong></span> 
     </span>
     <span class='ocr_line' id='line_1_15' title="bbox 495 1179 1830 1225; baseline -0.001 -10"><span class='ocrx_word' id='word_1_122' title='bbox 495 1181 594 1216; x_wconf 83' lang='lat' dir='ltr'><strong>misit</strong></span> <span class='ocrx_word' id='word_1_123' title='bbox 614 1182 794 1225; x_wconf 82' lang='lat' dir='ltr'><strong>Legatum,</strong></span> <span class='ocrx_word' id='word_1_124' title='bbox 811 1192 879 1225; x_wconf 91' lang='lat' dir='ltr'><strong>quo</strong></span> <span class='ocrx_word' id='word_1_125' title='bbox 903 1180 1021 1215; x_wconf 90' lang='lat' dir='ltr'><strong>nullus</strong></span> <span class='ocrx_word' id='word_1_126' title='bbox 1044 1180 1158 1223; x_wconf 78' lang='lat' dir='ltr'><strong>optari</strong></span> <span class='ocrx_word' id='word_1_127' title='bbox 1177 1181 1294 1223; x_wconf 87' lang='lat' dir='ltr'><strong>potuit</strong></span> <span class='ocrx_word' id='word_1_128' title='bbox 1313 1180 1371 1214; x_wconf 81' lang='lat' dir='ltr'><strong>vel</strong></span> <span class='ocrx_word' id='word_1_129' title='bbox 1393 1180 1533 1223; x_wconf 82' lang='lat' dir='ltr'><strong>aequior</strong></span> <span class='ocrx_word' id='word_1_130' title='bbox 1551 1179 1608 1213; x_wconf 83' lang='lat' dir='ltr'><strong>vel</strong></span> <span class='ocrx_word' id='word_1_131' title='bbox 1631 1180 1830 1214; x_wconf 83' lang='lat' dir='ltr'><strong>humanior.</strong></span> 
     </span>
     <span class='ocr_line' id='line_1_16' title="bbox 449 1234 1833 1278; baseline -0.001 -8"><span class='ocrx_word' id='word_1_132' title='bbox 449 1245 480 1273; x_wconf 85' lang='lat'><strong>¹5</strong></span> <span class='ocrx_word' id='word_1_133' title='bbox 496 1235 545 1270; x_wconf 84' lang='lat' dir='ltr'><strong>Et</strong></span> <span class='ocrx_word' id='word_1_134' title='bbox 558 1235 619 1270; x_wconf 86' lang='lat' dir='ltr'><strong>isti</strong></span> <span class='ocrx_word' id='word_1_135' title='bbox 628 1236 768 1269; x_wconf 88' lang='lat' dir='ltr'><strong>tantum</strong></span> <span class='ocrx_word' id='word_1_136' title='bbox 782 1234 1006 1276; x_wconf 88' lang='lat' dir='ltr'><strong>maledicunt,</strong></span> <span class='ocrx_word' id='word_1_137' title='bbox 1019 1235 1118 1278; x_wconf 80' lang='lat' dir='ltr'><strong>quasi</strong></span> <span class='ocrx_word' id='word_1_138' title='bbox 1133 1235 1223 1269; x_wconf 80' lang='lat' dir='ltr'><strong>nihil</strong></span> <span class='ocrx_word' id='word_1_139' title='bbox 1240 1235 1288 1268; x_wconf 90' lang='lat' dir='ltr'><strong>sit</strong></span> <span class='ocrx_word' id='word_1_140' title='bbox 1303 1234 1378 1268; x_wconf 89' lang='lat' dir='ltr'><strong>illis</strong></span> <span class='ocrx_word' id='word_1_141' title='bbox 1386 1235 1523 1268; x_wconf 88' lang='lat' dir='ltr'><strong>dulcius</strong></span> <span class='ocrx_word' id='word_1_142' title='bbox 1537 1245 1654 1268; x_wconf 88' lang='lat' dir='ltr'><strong>rerum</strong></span> <span class='ocrx_word' id='word_1_143' title='bbox 1669 1234 1833 1268; x_wconf 74' lang='lat' dir='ltr'><strong>omnium</strong></span> 
     </span>
     <span class='ocr_line' id='line_1_17' title="bbox 497 1289 1834 1332; baseline 0 -9"><span class='ocrx_word' id='word_1_144' title='bbox 497 1290 706 1324; x_wconf 84' lang='lat' dir='ltr'><strong>confusione.</strong></span> <span class='ocrx_word' id='word_1_145' title='bbox 765 1289 836 1323; x_wconf 80' lang='lat' dir='ltr'><strong>His</strong></span> <span class='ocrx_word' id='word_1_146' title='bbox 873 1289 1058 1332; x_wconf 82' lang='lat' dir='ltr'><strong>imputent,</strong></span> <span class='ocrx_word' id='word_1_147' title='bbox 1091 1289 1124 1322; x_wconf 86' lang='lat' dir='ltr'><strong>si</strong></span> <span class='ocrx_word' id='word_1_148' title='bbox 1152 1289 1327 1332; x_wconf 79' lang='lat' dir='ltr'><strong>principes</strong></span> <span class='ocrx_word' id='word_1_149' title='bbox 1363 1289 1507 1323; x_wconf 85' lang='lat' dir='ltr'><strong>tandem</strong></span> <span class='ocrx_word' id='word_1_150' title='bbox 1535 1289 1670 1323; x_wconf 84' lang='lat' dir='ltr'><strong>efferati</strong></span> <span class='ocrx_word' id='word_1_151' title='bbox 1698 1289 1834 1323; x_wconf 72' lang='lat' dir='ltr'><strong>saem&#39;re</strong></span> 
     </span>
     <span class='ocr_line' id='line_1_18' title="bbox 496 1342 1832 1388; baseline -0.001 -10"><span class='ocrx_word' id='word_1_152' title='bbox 496 1344 690 1388; x_wconf 71' lang='lat' dir='ltr'><strong>promiscue</strong></span> <span class='ocrx_word' id='word_1_153' title='bbox 705 1343 881 1387; x_wconf 87' lang='lat' dir='ltr'><strong>coeperint</strong></span> <span class='ocrx_word' id='word_1_154' title='bbox 894 1343 932 1377; x_wconf 88' lang='lat' dir='ltr'><strong>in</strong></span> <span class='ocrx_word' id='word_1_155' title='bbox 949 1343 1108 1377; x_wconf 78' lang='lat' dir='ltr'><strong>fortunas</strong></span> <span class='ocrx_word' id='word_1_156' title='bbox 1122 1345 1158 1377; x_wconf 88' lang='lat' dir='ltr'><strong>et</strong></span> <span class='ocrx_word' id='word_1_157' title='bbox 1172 1343 1210 1377; x_wconf 90' lang='lat' dir='ltr'><strong>in</strong></span> <span class='ocrx_word' id='word_1_158' title='bbox 1231 1344 1346 1387; x_wconf 87' lang='lat' dir='ltr'><strong>capita</strong></span> <span class='ocrx_word' id='word_1_159' title='bbox 1364 1343 1606 1387; x_wconf 84' lang='lat' dir='ltr'><strong>plurimorum.</strong></span> <span class='ocrx_word' id='word_1_160' title='bbox 1654 1342 1698 1377; x_wconf 90' lang='lat' dir='ltr'><strong>Id</strong></span> <span class='ocrx_word' id='word_1_161' title='bbox 1714 1344 1746 1377; x_wconf 89' lang='lat' dir='ltr'><strong>si</strong></span> <span class='ocrx_word' id='word_1_162' title='bbox 1760 1344 1832 1384; x_wconf 66' lang='lat' dir='ltr'><strong>fiat,</strong></span> 
     </span>
     <span class='ocr_line' id='line_1_19' title="bbox 495 1398 1834 1442; baseline -0.001 -9"><span class='ocrx_word' id='word_1_163' title='bbox 495 1410 617 1433; x_wconf 84' lang='lat' dir='ltr'><strong>vereor</strong></span> <span class='ocrx_word' id='word_1_164' title='bbox 641 1410 685 1432; x_wconf 88' lang='lat' dir='ltr'><strong>ne</strong></span> <span class='ocrx_word' id='word_1_165' title='bbox 712 1398 855 1442; x_wconf 86' lang='lat' dir='ltr'><strong>quidam</strong></span> <span class='ocrx_word' id='word_1_166' title='bbox 874 1408 951 1432; x_wconf 85' lang='lat' dir='ltr'><strong>sero</strong></span> <span class='ocrx_word' id='word_1_167' title='bbox 973 1398 1152 1441; x_wconf 79' lang='lat' dir='ltr'><strong>probaturi</strong></span> <span class='ocrx_word' id='word_1_168' title='bbox 1175 1398 1248 1432; x_wconf 87' lang='lat' dir='ltr'><strong>sint</strong></span> <span class='ocrx_word' id='word_1_169' title='bbox 1267 1409 1382 1432; x_wconf 91' lang='lat' dir='ltr'><strong>meam</strong></span> <span class='ocrx_word' id='word_1_170' title='bbox 1403 1398 1685 1433; x_wconf 84' lang='lat' dir='ltr'><strong>moderationem.</strong></span> <span class='ocrx_word' id='word_1_171' title='bbox 1747 1398 1834 1441; x_wconf 76' lang='lat' dir='ltr'><strong>Quis</strong></span> 
     </span>
     <span class='ocr_line' id='line_1_20' title="bbox 496 1453 1834 1498; baseline -0.001 -10"><span class='ocrx_word' id='word_1_172' title='bbox 496 1453 591 1488; x_wconf 90' lang='lat' dir='ltr'><strong>enim</strong></span> <span class='ocrx_word' id='word_1_173' title='bbox 620 1454 710 1487; x_wconf 86' lang='lat' dir='ltr'><strong>ferat</strong></span> <span class='ocrx_word' id='word_1_174' title='bbox 736 1453 824 1487; x_wconf 83' lang='lat' dir='ltr'><strong>istos</strong></span> <span class='ocrx_word' id='word_1_175' title='bbox 846 1453 1024 1497; x_wconf 82' lang='lat' dir='ltr'><strong>quosdam,</strong></span> <span class='ocrx_word' id='word_1_176' title='bbox 1052 1453 1114 1497; x_wconf 81' lang='lat' dir='ltr'><strong>qui</strong></span> <span class='ocrx_word' id='word_1_177' title='bbox 1140 1455 1321 1496; x_wconf 77' lang='lat' dir='ltr'><strong>praetextu</strong></span> <span class='ocrx_word' id='word_1_178' title='bbox 1351 1453 1536 1497; x_wconf 79' lang='lat' dir='ltr'><strong>Euangelii</strong></span> <span class='ocrx_word' id='word_1_179' title='bbox 1565 1464 1628 1487; x_wconf 84' lang='lat' dir='ltr'><strong>nec</strong></span> <span class='ocrx_word' id='word_1_180' title='bbox 1657 1453 1834 1498; x_wconf 82' lang='lat' dir='ltr'><strong>principes</strong></span> 
     </span>
     <span class='ocr_line' id='line_1_21' title="bbox 449 1507 1834 1552; baseline 0.001 -11"><span class='ocrx_word' id='word_1_181' title='bbox 449 1521 484 1542; x_wconf 80' lang='lat' dir='ltr'><strong>ao</strong></span> <span class='ocrx_word' id='word_1_182' title='bbox 497 1508 641 1543; x_wconf 88' lang='lat' dir='ltr'><strong>audiant</strong></span> <span class='ocrx_word' id='word_1_183' title='bbox 666 1519 730 1543; x_wconf 83' lang='lat' dir='ltr'><strong>nec</strong></span> <span class='ocrx_word' id='word_1_184' title='bbox 757 1507 955 1549; x_wconf 82' lang='lat' dir='ltr'><strong>Pontifices,</strong></span> <span class='ocrx_word' id='word_1_185' title='bbox 983 1518 1047 1541; x_wconf 79' lang='lat' dir='ltr'><strong>nec</strong></span> <span class='ocrx_word' id='word_1_186' title='bbox 1073 1508 1142 1550; x_wconf 88' lang='lat' dir='ltr'><strong>ipsi</strong></span> <span class='ocrx_word' id='word_1_187' title='bbox 1163 1508 1362 1542; x_wconf 85' lang='lat' dir='ltr'><strong>auscultent</strong></span> <span class='ocrx_word' id='word_1_188' title='bbox 1385 1508 1523 1550; x_wconf 84' lang='lat' dir='ltr'><strong>Lutero,</strong></span> <span class='ocrx_word' id='word_1_189' title='bbox 1548 1508 1620 1542; x_wconf 85' lang='lat' dir='ltr'><strong>nisi</strong></span> <span class='ocrx_word' id='word_1_190' title='bbox 1646 1519 1758 1552; x_wconf 87' lang='lat' dir='ltr'><strong>quum</strong></span> <span class='ocrx_word' id='word_1_191' title='bbox 1781 1509 1834 1542; x_wconf 85' lang='lat' dir='ltr'><strong>est</strong></span> 
     </span>
     <span class='ocr_line' id='line_1_22' title="bbox 497 1562 1835 1606; baseline 0.001 -10"><span class='ocrx_word' id='word_1_192' title='bbox 497 1563 583 1605; x_wconf 81' lang='lat' dir='ltr'><strong>ipsis</strong></span> <span class='ocrx_word' id='word_1_193' title='bbox 609 1563 858 1597; x_wconf 75' lang='lat' dir='ltr'><strong>commodum?</strong></span> <span class='ocrx_word' id='word_1_194' title='bbox 903 1562 1046 1606; x_wconf 86' lang='lat' dir='ltr'><strong>Alioqui</strong></span> <span class='ocrx_word' id='word_1_195' title='bbox 1070 1564 1106 1597; x_wconf 89' lang='lat' dir='ltr'><strong>et</strong></span> <span class='ocrx_word' id='word_1_196' title='bbox 1130 1563 1281 1596; x_wconf 86' lang='lat' dir='ltr'><strong>Luterus</strong></span> <span class='ocrx_word' id='word_1_197' title='bbox 1303 1562 1376 1596; x_wconf 87' lang='lat' dir='ltr'><strong>illis</strong></span> <span class='ocrx_word' id='word_1_198' title='bbox 1398 1563 1506 1596; x_wconf 90' lang='lat' dir='ltr'><strong>homo</strong></span> <span class='ocrx_word' id='word_1_199' title='bbox 1527 1563 1590 1604; x_wconf 82' lang='lat' dir='ltr'><strong>est,</strong></span> <span class='ocrx_word' id='word_1_200' title='bbox 1618 1564 1653 1596; x_wconf 81' lang='lat' dir='ltr'><strong>et</strong></span> <span class='ocrx_word' id='word_1_201' title='bbox 1677 1563 1835 1597; x_wconf 88' lang='lat' dir='ltr'><strong>humano</strong></span> 
     </span>
     <span class='ocr_line' id='line_1_23' title="bbox 498 1617 1834 1661; baseline 0 -9"><span class='ocrx_word' id='word_1_202' title='bbox 498 1617 625 1661; x_wconf 89' lang='lat' dir='ltr'><strong>spiritu</strong></span> <span class='ocrx_word' id='word_1_203' title='bbox 656 1617 804 1659; x_wconf 87' lang='lat' dir='ltr'><strong>ducitur,</strong></span> <span class='ocrx_word' id='word_1_204' title='bbox 836 1619 897 1651; x_wconf 89' lang='lat' dir='ltr'><strong>aut</strong></span> <span class='ocrx_word' id='word_1_205' title='bbox 926 1628 997 1650; x_wconf 89' lang='lat' dir='ltr'><strong>non</strong></span> <span class='ocrx_word' id='word_1_206' title='bbox 1028 1617 1166 1660; x_wconf 82' lang='lat' dir='ltr'><strong>scripsit</strong></span> <span class='ocrx_word' id='word_1_207' title='bbox 1196 1628 1239 1651; x_wconf 84' lang='lat' dir='ltr'><strong>ex</strong></span> <span class='ocrx_word' id='word_1_208' title='bbox 1269 1617 1388 1651; x_wconf 82' lang='lat' dir='ltr'><strong>animo</strong></span> <span class='ocrx_word' id='word_1_209' title='bbox 1418 1628 1492 1651; x_wconf 84' lang='lat' dir='ltr'><strong>suo.</strong></span> <span class='ocrx_word' id='word_1_210' title='bbox 1552 1617 1723 1661; x_wconf 84' lang='lat' dir='ltr'><strong>Magnum</strong></span> <span class='ocrx_word' id='word_1_211' title='bbox 1751 1628 1834 1652; x_wconf 86' lang='lat' dir='ltr'><strong>vero</strong></span> 
     </span>
     <span class='ocr_line' id='line_1_24' title="bbox 497 1671 1836 1715; baseline 0 -10"><span class='ocrx_word' id='word_1_212' title='bbox 497 1672 639 1714; x_wconf 82' lang='lat' dir='ltr'><strong>crimen,</strong></span> <span class='ocrx_word' id='word_1_213' title='bbox 658 1672 690 1705; x_wconf 88' lang='lat' dir='ltr'><strong>si</strong></span> <span class='ocrx_word' id='word_1_214' title='bbox 711 1672 804 1715; x_wconf 89' lang='lat' dir='ltr'><strong>quod</strong></span> <span class='ocrx_word' id='word_1_215' title='bbox 827 1683 922 1706; x_wconf 90' lang='lat' dir='ltr'><strong>nunc</strong></span> <span class='ocrx_word' id='word_1_216' title='bbox 945 1672 1106 1706; x_wconf 85' lang='lat' dir='ltr'><strong>seditiose</strong></span> <span class='ocrx_word' id='word_1_217' title='bbox 1125 1672 1176 1714; x_wconf 86' lang='lat' dir='ltr'><strong>fit,</strong></span> <span class='ocrx_word' id='word_1_218' title='bbox 1195 1671 1297 1714; x_wconf 91' lang='lat' dir='ltr'><strong>cupio</strong></span> <span class='ocrx_word' id='word_1_219' title='bbox 1312 1672 1401 1705; x_wconf 84' lang='lat' dir='ltr'><strong>citra</strong></span> <span class='ocrx_word' id='word_1_220' title='bbox 1417 1672 1624 1706; x_wconf 83' lang='lat' dir='ltr'><strong>seditionem</strong></span> <span class='ocrx_word' id='word_1_221' title='bbox 1639 1672 1726 1714; x_wconf 85' lang='lat' dir='ltr'><strong>fieri,</strong></span> <span class='ocrx_word' id='word_1_222' title='bbox 1742 1672 1836 1715; x_wconf 85' lang='lat' dir='ltr'><strong>prin-</strong></span> 
     </span>
     <span class='ocr_line' id='line_1_25' title="bbox 499 1726 1834 1770; baseline 0 -9"><span class='ocrx_word' id='word_1_223' title='bbox 499 1727 617 1770; x_wconf 88' lang='lat' dir='ltr'><strong>cipum</strong></span> <span class='ocrx_word' id='word_1_224' title='bbox 639 1737 805 1768; x_wconf 78' lang='lat' dir='ltr'><strong>assensu3</strong></span> <span class='ocrx_word' id='word_1_225' title='bbox 842 1726 905 1770; x_wconf 88' lang='lat' dir='ltr'><strong>qui</strong></span> <span class='ocrx_word' id='word_1_226' title='bbox 930 1726 963 1759; x_wconf 86' lang='lat' dir='ltr'><strong>si</strong></span> <span class='ocrx_word' id='word_1_227' title='bbox 985 1737 1056 1760; x_wconf 90' lang='lat' dir='ltr'><strong>non</strong></span> <span class='ocrx_word' id='word_1_228' title='bbox 1083 1726 1208 1761; x_wconf 84' lang='lat' dir='ltr'><strong>facturi</strong></span> <span class='ocrx_word' id='word_1_229' title='bbox 1231 1728 1317 1760; x_wconf 85' lang='lat' dir='ltr'><strong>sunt</strong></span> <span class='ocrx_word' id='word_1_230' title='bbox 1343 1727 1437 1770; x_wconf 90' lang='lat' dir='ltr'><strong>quod</strong></span> <span class='ocrx_word' id='word_1_231' title='bbox 1463 1727 1637 1770; x_wconf 87' lang='lat' dir='ltr'><strong>optimum</strong></span> <span class='ocrx_word' id='word_1_232' title='bbox 1660 1728 1723 1768; x_wconf 83' lang='lat' dir='ltr'><strong>est,</strong></span> <span class='ocrx_word' id='word_1_233' title='bbox 1749 1727 1834 1770; x_wconf 87' lang='lat' dir='ltr'><strong>quid</strong></span> 
     </span>
     <span class='ocr_line' id='line_1_26' title="bbox 450 1781 1836 1824; baseline 0.002 -11"><span class='ocrx_word' id='word_1_234' title='bbox 450 1793 484 1822; x_wconf 85' lang='lat'><strong>²5</strong></span> <span class='ocrx_word' id='word_1_235' title='bbox 498 1782 639 1816; x_wconf 89' lang='lat' dir='ltr'><strong>sceleris</strong></span> <span class='ocrx_word' id='word_1_236' title='bbox 663 1781 857 1816; x_wconf 86' lang='lat' dir='ltr'><strong>admissum</strong></span> <span class='ocrx_word' id='word_1_237' title='bbox 881 1783 944 1823; x_wconf 87' lang='lat' dir='ltr'><strong>est,</strong></span> <span class='ocrx_word' id='word_1_238' title='bbox 967 1782 1060 1824; x_wconf 91' lang='lat' dir='ltr'><strong>quod</strong></span> <span class='ocrx_word' id='word_1_239' title='bbox 1084 1781 1166 1816; x_wconf 80' lang='lat' dir='ltr'><strong>illus</strong></span> <span class='ocrx_word' id='word_1_240' title='bbox 1188 1782 1388 1815; x_wconf 77' lang='lat' dir='ltr'><strong>admoneo?</strong></span> <span class='ocrx_word' id='word_1_241' title='bbox 1437 1781 1508 1815; x_wconf 75' lang='lat' dir='ltr'><strong>Nec</strong></span> <span class='ocrx_word' id='word_1_242' title='bbox 1531 1792 1654 1815; x_wconf 83' lang='lat' dir='ltr'><strong>reuoco</strong></span> <span class='ocrx_word' id='word_1_243' title='bbox 1676 1782 1836 1816; x_wconf 80' lang='lat' dir='ltr'><strong>volentes</strong></span> 
     </span>
     <span class='ocr_line' id='line_1_27' title="bbox 497 1835 1836 1879; baseline 0.001 -9"><span class='ocrx_word' id='word_1_244' title='bbox 497 1836 700 1870; x_wconf 87' lang='lat' dir='ltr'><strong>incendium</strong></span> <span class='ocrx_word' id='word_1_245' title='bbox 721 1836 947 1879; x_wconf 79' lang='lat' dir='ltr'><strong>restinguere,</strong></span> <span class='ocrx_word' id='word_1_246' title='bbox 965 1836 1027 1869; x_wconf 87' lang='lat' dir='ltr'><strong>sed</strong></span> <span class='ocrx_word' id='word_1_247' title='bbox 1045 1846 1104 1870; x_wconf 82' lang='lat' dir='ltr'><strong>eos</strong></span> <span class='ocrx_word' id='word_1_248' title='bbox 1119 1836 1247 1869; x_wconf 85' lang='lat' dir='ltr'><strong>damno</strong></span> <span class='ocrx_word' id='word_1_249' title='bbox 1269 1835 1331 1879; x_wconf 85' lang='lat' dir='ltr'><strong>qui</strong></span> <span class='ocrx_word' id='word_1_250' title='bbox 1351 1835 1468 1869; x_wconf 87' lang='lat' dir='ltr'><strong>oleum</strong></span> <span class='ocrx_word' id='word_1_251' title='bbox 1487 1835 1622 1870; x_wconf 82' lang='lat' dir='ltr'><strong>addunt</strong></span> <span class='ocrx_word' id='word_1_252' title='bbox 1640 1836 1779 1870; x_wconf 87' lang='lat' dir='ltr'><strong>camino</strong></span> <span class='ocrx_word' id='word_1_253' title='bbox 1799 1838 1836 1871; x_wconf 81' lang='lat' dir='ltr'><strong>et</strong></span> 
     </span>
     <span class='ocr_line' id='line_1_28' title="bbox 499 1889 1835 1934; baseline 0 -9"><span class='ocrx_word' id='word_1_254' title='bbox 499 1891 671 1932; x_wconf 86' lang='lat' dir='ltr'><strong>morbum,</strong></span> <span class='ocrx_word' id='word_1_255' title='bbox 689 1891 750 1934; x_wconf 89' lang='lat' dir='ltr'><strong>qui</strong></span> <span class='ocrx_word' id='word_1_256' title='bbox 770 1890 844 1924; x_wconf 87' lang='lat' dir='ltr'><strong>iam</strong></span> <span class='ocrx_word' id='word_1_257' title='bbox 865 1890 969 1924; x_wconf 87' lang='lat' dir='ltr'><strong>annis</strong></span> <span class='ocrx_word' id='word_1_258' title='bbox 992 1890 1072 1934; x_wconf 87' lang='lat' dir='ltr'><strong>plus</strong></span> <span class='ocrx_word' id='word_1_259' title='bbox 1094 1890 1193 1924; x_wconf 89' lang='lat' dir='ltr'><strong>mille</strong></span> <span class='ocrx_word' id='word_1_260' title='bbox 1216 1889 1436 1931; x_wconf 79' lang='lat' dir='ltr'><strong>inueterauit,</strong></span> <span class='ocrx_word' id='word_1_261' title='bbox 1452 1890 1617 1924; x_wconf 76' lang='lat' dir='ltr'><strong>violentis</strong></span> <span class='ocrx_word' id='word_1_262' title='bbox 1637 1891 1835 1934; x_wconf 78' lang='lat' dir='ltr'><strong>pharmacis</strong></span> 
     </span>
     <span class='ocr_line' id='line_1_29' title="bbox 498 1944 1834 1987; baseline 0 -7"><span class='ocrx_word' id='word_1_263' title='bbox 498 1945 614 1980; x_wconf 81' lang='lat' dir='ltr'><strong>subito</strong></span> <span class='ocrx_word' id='word_1_264' title='bbox 643 1945 769 1979; x_wconf 84' lang='lat' dir='ltr'><strong>volunt</strong></span> <span class='ocrx_word' id='word_1_265' title='bbox 805 1945 935 1986; x_wconf 85' lang='lat' dir='ltr'><strong>tollere,</strong></span> <span class='ocrx_word' id='word_1_266' title='bbox 968 1945 1124 1979; x_wconf 85' lang='lat' dir='ltr'><strong>maximo</strong></span> <span class='ocrx_word' id='word_1_267' title='bbox 1161 1944 1271 1978; x_wconf 88' lang='lat' dir='ltr'><strong>totius</strong></span> <span class='ocrx_word' id='word_1_268' title='bbox 1308 1944 1462 1987; x_wconf 84' lang='lat' dir='ltr'><strong>corporis</strong></span> <span class='ocrx_word' id='word_1_269' title='bbox 1498 1944 1659 1987; x_wconf 86' lang='lat' dir='ltr'><strong>periculo.</strong></span> <span class='ocrx_word' id='word_1_270' title='bbox 1721 1945 1834 1987; x_wconf 74' lang='lat' dir='ltr'><strong>Qum</strong></span> 
     </span>
     <span class='ocr_line' id='line_1_30' title="bbox 498 1999 1836 2043; baseline 0.001 -9"><span class='ocrx_word' id='word_1_271' title='bbox 498 1999 775 2034; x_wconf 86' lang='lat' dir='ltr'><strong>moderationem</strong></span> <span class='ocrx_word' id='word_1_272' title='bbox 797 1999 958 2042; x_wconf 80' lang='lat' dir='ltr'><strong>Apostoli</strong></span> <span class='ocrx_word' id='word_1_273' title='bbox 982 1999 1219 2042; x_wconf 82' lang='lat' dir='ltr'><strong>praebuerunt</strong></span> <span class='ocrx_word' id='word_1_274' title='bbox 1241 1999 1388 2041; x_wconf 84' lang='lat' dir='ltr'><strong>Iudaeis,</strong></span> <span class='ocrx_word' id='word_1_275' title='bbox 1412 1999 1473 2043; x_wconf 88' lang='lat' dir='ltr'><strong>qui</strong></span> <span class='ocrx_word' id='word_1_276' title='bbox 1494 2010 1515 2034; x_wconf 86' lang='lat' dir='ltr'><strong>a</strong></span> <span class='ocrx_word' id='word_1_277' title='bbox 1536 1999 1647 2034; x_wconf 81' lang='lat' dir='ltr'><strong>saliua</strong></span> <span class='ocrx_word' id='word_1_278' title='bbox 1670 2000 1758 2043; x_wconf 56' lang='lat' dir='ltr'><strong>leffis</strong></span> <span class='ocrx_word' id='word_1_279' title='bbox 1783 1999 1836 2035; x_wconf 88' lang='lat' dir='ltr'><strong>in·</strong></span> 
     </span>
     <span class='ocr_line' id='line_1_31' title="bbox 450 2053 1835 2099; baseline 0.001 -12"><span class='ocrx_word' id='word_1_280' title='bbox 450 2065 488 2093; x_wconf 79' lang='lat'><strong>³0</strong></span> <span class='ocrx_word' id='word_1_281' title='bbox 500 2054 605 2088; x_wconf 76' lang='lat' dir='ltr'><strong>olitae</strong></span> <span class='ocrx_word' id='word_1_282' title='bbox 620 2065 691 2087; x_wconf 91' lang='lat' dir='ltr'><strong>non</strong></span> <span class='ocrx_word' id='word_1_283' title='bbox 706 2055 868 2097; x_wconf 88' lang='lat' dir='ltr'><strong>poterant</strong></span> <span class='ocrx_word' id='word_1_284' title='bbox 881 2054 1014 2095; x_wconf 88' lang='lat' dir='ltr'><strong>abduci,</strong></span> <span class='ocrx_word' id='word_1_285' title='bbox 1030 2054 1177 2087; x_wconf 83' lang='lat' dir='ltr'><strong>eandem</strong></span> <span class='ocrx_word' id='word_1_286' title='bbox 1200 2053 1324 2097; x_wconf 88' lang='lat' dir='ltr'><strong>opinor</strong></span> <span class='ocrx_word' id='word_1_287' title='bbox 1344 2055 1437 2088; x_wconf 88' lang='lat' dir='ltr'><strong>recte</strong></span> <span class='ocrx_word' id='word_1_288' title='bbox 1458 2056 1674 2097; x_wconf 81' lang='lat' dir='ltr'><strong>praestarent</strong></span> <span class='ocrx_word' id='word_1_289' title='bbox 1689 2054 1758 2097; x_wconf 77' lang='lat' dir='ltr'><strong>his,</strong></span> <span class='ocrx_word' id='word_1_290' title='bbox 1773 2055 1835 2099; x_wconf 82' lang='lat' dir='ltr'><strong>qui</strong></span> 
     </span>
     <span class='ocr_line' id='line_1_32' title="bbox 500 2108 1834 2153; baseline 0.001 -12"><span class='ocrx_word' id='word_1_291' title='bbox 500 2108 662 2153; x_wconf 86' lang='lat' dir='ltr'><strong>plurimis</strong></span> <span class='ocrx_word' id='word_1_292' title='bbox 685 2108 757 2141; x_wconf 88' lang='lat' dir='ltr'><strong>iam</strong></span> <span class='ocrx_word' id='word_1_293' title='bbox 779 2108 905 2142; x_wconf 85' lang='lat' dir='ltr'><strong>seculis</strong></span> <span class='ocrx_word' id='word_1_294' title='bbox 928 2110 982 2142; x_wconf 87' lang='lat' dir='ltr'><strong>tot</strong></span> <span class='ocrx_word' id='word_1_295' title='bbox 1002 2108 1239 2150; x_wconf 87' lang='lat' dir='ltr'><strong>conciliorum,</strong></span> <span class='ocrx_word' id='word_1_296' title='bbox 1257 2110 1311 2142; x_wconf 89' lang='lat' dir='ltr'><strong>tot</strong></span> <span class='ocrx_word' id='word_1_297' title='bbox 1330 2109 1553 2150; x_wconf 84' lang='lat' dir='ltr'><strong>Pontificum,</strong></span> <span class='ocrx_word' id='word_1_298' title='bbox 1570 2110 1626 2142; x_wconf 84' lang='lat' dir='ltr'><strong>tot</strong></span> <span class='ocrx_word' id='word_1_299' title='bbox 1639 2109 1834 2152; x_wconf 80' lang='lat' dir='ltr'><strong>insignium</strong></span> 
     </span>
     <span class='ocr_line' id='line_1_33' title="bbox 500 2162 1837 2206; baseline 0.001 -10"><span class='ocrx_word' id='word_1_300' title='bbox 500 2164 684 2197; x_wconf 74' lang='lat' dir='ltr'><strong>doctorum</strong></span> <span class='ocrx_word' id='word_1_301' title='bbox 712 2162 936 2196; x_wconf 86' lang='lat' dir='ltr'><strong>autoritatem</strong></span> <span class='ocrx_word' id='word_1_302' title='bbox 965 2163 1112 2206; x_wconf 89' lang='lat' dir='ltr'><strong>sequuti,</strong></span> <span class='ocrx_word' id='word_1_303' title='bbox 1145 2163 1315 2206; x_wconf 78' lang='lat' dir='ltr'><strong>grauatim</strong></span> <span class='ocrx_word' id='word_1_304' title='bbox 1346 2163 1452 2197; x_wconf 87' lang='lat' dir='ltr'><strong>huius</strong></span> <span class='ocrx_word' id='word_1_305' title='bbox 1480 2163 1629 2197; x_wconf 85' lang='lat' dir='ltr'><strong>recentis</strong></span> <span class='ocrx_word' id='word_1_306' title='bbox 1657 2164 1837 2198; x_wconf 79' lang='lat' dir='ltr'><strong>doctrinae</strong></span> 
     </span>
     <span class='ocr_line' id='line_1_34' title="bbox 500 2216 1837 2261; baseline 0.001 -9"><span class='ocrx_word' id='word_1_307' title='bbox 500 2219 660 2252; x_wconf 84' lang='lat' dir='ltr'><strong>mustum</strong></span> <span class='ocrx_word' id='word_1_308' title='bbox 686 2216 869 2261; x_wconf 77' lang='lat' dir='ltr'><strong>recipiunt.</strong></span> <span class='ocrx_word' id='word_1_309' title='bbox 916 2217 964 2251; x_wconf 84' lang='lat' dir='ltr'><strong>Et</strong></span> <span class='ocrx_word' id='word_1_310' title='bbox 986 2217 1128 2251; x_wconf 85' lang='lat' dir='ltr'><strong>interim</strong></span> <span class='ocrx_word' id='word_1_311' title='bbox 1151 2228 1243 2260; x_wconf 88' lang='lat' dir='ltr'><strong>pono</strong></span> <span class='ocrx_word' id='word_1_312' title='bbox 1263 2217 1345 2251; x_wconf 89' lang='lat' dir='ltr'><strong>illos</strong></span> <span class='ocrx_word' id='word_1_313' title='bbox 1366 2228 1508 2260; x_wconf 79' lang='lat' dir='ltr'><strong>errasse,</strong></span> <span class='ocrx_word' id='word_1_314' title='bbox 1527 2218 1593 2252; x_wconf 86' lang='lat' dir='ltr'><strong>hos</strong></span> <span class='ocrx_word' id='word_1_315' title='bbox 1615 2218 1734 2252; x_wconf 86' lang='lat' dir='ltr'><strong>omnia</strong></span> <span class='ocrx_word' id='word_1_316' title='bbox 1754 2229 1837 2253; x_wconf 80' lang='lat' dir='ltr'><strong>vera</strong></span> 
     </span>
     <span class='ocr_line' id='line_1_35' title="bbox 500 2271 1837 2316; baseline 0.001 -10"><span class='ocrx_word' id='word_1_317' title='bbox 500 2272 633 2307; x_wconf 84' lang='lat' dir='ltr'><strong>docere.</strong></span> <span class='ocrx_word' id='word_1_318' title='bbox 666 2273 761 2316; x_wconf 77' lang='lat' dir='ltr'><strong>Agat</strong></span> <span class='ocrx_word' id='word_1_319' title='bbox 772 2273 918 2316; x_wconf 77' lang='lat' dir='ltr'><strong>vti-aque</strong></span> <span class='ocrx_word' id='word_1_320' title='bbox 932 2283 1013 2316; x_wconf 86' lang='lat' dir='ltr'><strong>pars</strong></span> <span class='ocrx_word' id='word_1_321' title='bbox 1027 2271 1235 2307; x_wconf 82' lang='lat' dir='ltr'><strong>Christianis</strong></span> <span class='ocrx_word' id='word_1_322' title='bbox 1250 2272 1444 2306; x_wconf 85' lang='lat' dir='ltr'><strong>rationibus</strong></span> <span class='ocrx_word' id='word_1_323' title='bbox 1455 2272 1586 2307; x_wconf 84' lang='lat' dir='ltr'><strong>Christi</strong></span> <span class='ocrx_word' id='word_1_324' title='bbox 1600 2273 1789 2316; x_wconf 82' lang='lat' dir='ltr'><strong>negotium,</strong></span> <span class='ocrx_word' id='word_1_325' title='bbox 1801 2275 1837 2308; x_wconf 83' lang='lat' dir='ltr'><strong>et</strong></span> 
     </span>
     <span class='ocr_line' id='line_1_36' title="bbox 451 2326 1835 2371; baseline 0 -9"><span class='ocrx_word' id='word_1_326' title='bbox 451 2341 486 2370; x_wconf 76' lang='lat'><strong>35</strong></span> <span class='ocrx_word' id='word_1_327' title='bbox 500 2326 635 2362; x_wconf 82' lang='lat' dir='ltr'><strong>videbit</strong></span> <span class='ocrx_word' id='word_1_328' title='bbox 649 2327 735 2371; x_wconf 84' lang='lat' dir='ltr'><strong>quid</strong></span> <span class='ocrx_word' id='word_1_329' title='bbox 750 2326 819 2360; x_wconf 85' lang='lat' dir='ltr'><strong>sim</strong></span> <span class='ocrx_word' id='word_1_330' title='bbox 835 2337 899 2369; x_wconf 86' lang='lat' dir='ltr'><strong>pro</strong></span> <span class='ocrx_word' id='word_1_331' title='bbox 913 2337 991 2361; x_wconf 89' lang='lat' dir='ltr'><strong>mea</strong></span> <span class='ocrx_word' id='word_1_332' title='bbox 1006 2327 1238 2370; x_wconf 83' lang='lat' dir='ltr'><strong>qualicunque</strong></span> <span class='ocrx_word' id='word_1_333' title='bbox 1252 2327 1411 2370; x_wconf 87' lang='lat' dir='ltr'><strong>portione</strong></span> <span class='ocrx_word' id='word_1_334' title='bbox 1425 2327 1464 2361; x_wconf 90' lang='lat' dir='ltr'><strong>in</strong></span> <span class='ocrx_word' id='word_1_335' title='bbox 1480 2327 1638 2361; x_wconf 85' lang='lat' dir='ltr'><strong>medium</strong></span> <span class='ocrx_word' id='word_1_336' title='bbox 1652 2327 1835 2362; x_wconf 84' lang='lat' dir='ltr'><strong>allaturus.</strong></span> 
     </span>
     <span class='ocr_line' id='line_1_37' title="bbox 546 2381 1838 2425; baseline 0.001 -9"><span class='ocrx_word' id='word_1_337' title='bbox 546 2381 614 2416; x_wconf 85' lang='lat' dir='ltr'><strong>Sed</strong></span> <span class='ocrx_word' id='word_1_338' title='bbox 645 2381 784 2425; x_wconf 81' lang='lat' dir='ltr'><strong>longius</strong></span> <span class='ocrx_word' id='word_1_339' title='bbox 816 2382 947 2424; x_wconf 81' lang='lat' dir='ltr'><strong>efferor,</strong></span> <span class='ocrx_word' id='word_1_340' title='bbox 976 2381 1019 2415; x_wconf 84' lang='lat' dir='ltr'><strong>ad</strong></span> <span class='ocrx_word' id='word_1_341' title='bbox 1051 2381 1251 2416; x_wconf 84' lang='lat' dir='ltr'><strong>Huttenum</strong></span> <span class='ocrx_word' id='word_1_342' title='bbox 1277 2382 1387 2417; x_wconf 85' lang='lat' dir='ltr'><strong>redeo.</strong></span> <span class='ocrx_word' id='word_1_343' title='bbox 1434 2381 1583 2417; x_wconf 85' lang='lat' dir='ltr'><strong>Vtinam</strong></span> <span class='ocrx_word' id='word_1_344' title='bbox 1616 2381 1677 2425; x_wconf 86' lang='lat' dir='ltr'><strong>qui</strong></span> <span class='ocrx_word' id='word_1_345' title='bbox 1707 2383 1838 2425; x_wconf 73' lang='lat' dir='ltr'><strong>tragoe-</strong></span> 
     </span>
     <span class='ocr_line' id='line_1_38' title="bbox 500 2435 1839 2479; baseline 0.001 -10"><span class='ocrx_word' id='word_1_346' title='bbox 500 2436 596 2470; x_wconf 84' lang='lat' dir='ltr'><strong>diam</strong></span> <span class='ocrx_word' id='word_1_347' title='bbox 640 2436 732 2470; x_wconf 86' lang='lat' dir='ltr'><strong>hano</strong></span> <span class='ocrx_word' id='word_1_348' title='bbox 768 2436 961 2470; x_wconf 85' lang='lat' dir='ltr'><strong>excitarunt</strong></span> <span class='ocrx_word' id='word_1_349' title='bbox 1007 2435 1163 2479; x_wconf 89' lang='lat' dir='ltr'><strong>primum</strong></span> <span class='ocrx_word' id='word_1_350' title='bbox 1202 2437 1240 2469; x_wconf 91' lang='lat' dir='ltr'><strong>et</strong></span> <span class='ocrx_word' id='word_1_351' title='bbox 1279 2447 1373 2470; x_wconf 88' lang='lat' dir='ltr'><strong>nunc</strong></span> <span class='ocrx_word' id='word_1_352' title='bbox 1412 2438 1594 2478; x_wconf 87' lang='lat' dir='ltr'><strong>renouant,</strong></span> <span class='ocrx_word' id='word_1_353' title='bbox 1633 2437 1839 2479; x_wconf 87' lang='lat' dir='ltr'><strong>paterentur</strong></span> 
     </span>
     <span class='ocr_line' id='line_1_39' title="bbox 500 2491 1837 2535; baseline 0 -9"><span class='ocrx_word' id='word_1_354' title='bbox 500 2491 656 2526; x_wconf 77' lang='lat' dir='ltr'><strong>Hutteni</strong></span> <span class='ocrx_word' id='word_1_355' title='bbox 678 2502 800 2525; x_wconf 81' lang='lat' dir='ltr'><strong>manes</strong></span> <span class='ocrx_word' id='word_1_356' title='bbox 821 2491 1005 2535; x_wconf 85' lang='lat' dir='ltr'><strong>quiescere,</strong></span> <span class='ocrx_word' id='word_1_357' title='bbox 1024 2502 1133 2534; x_wconf 79' lang='lat' dir='ltr'><strong>neque</strong></span> <span class='ocrx_word' id='word_1_358' title='bbox 1156 2502 1221 2525; x_wconf 86' lang='lat' dir='ltr'><strong>nos</strong></span> <span class='ocrx_word' id='word_1_359' title='bbox 1243 2491 1313 2526; x_wconf 89' lang='lat' dir='ltr'><strong>huc</strong></span> <span class='ocrx_word' id='word_1_360' title='bbox 1333 2491 1564 2535; x_wconf 75' lang='lat' dir='ltr'><strong>pei-pellerent</strong></span> <span class='ocrx_word' id='word_1_361' title='bbox 1582 2493 1632 2533; x_wconf 83' lang='lat' dir='ltr'><strong>vt,</strong></span> <span class='ocrx_word' id='word_1_362' title='bbox 1650 2492 1744 2534; x_wconf 88' lang='lat' dir='ltr'><strong>quod</strong></span> <span class='ocrx_word' id='word_1_363' title='bbox 1768 2491 1837 2526; x_wconf 89' lang='lat' dir='ltr'><strong>dici</strong></span> 
     </span>
     <span class='ocr_line' id='line_1_40' title="bbox 500 2546 1838 2590; baseline 0.001 -10"><span class='ocrx_word' id='word_1_364' title='bbox 500 2546 599 2588; x_wconf 84' lang='lat' dir='ltr'><strong>solet,</strong></span> <span class='ocrx_word' id='word_1_365' title='bbox 618 2557 700 2580; x_wconf 90' lang='lat' dir='ltr'><strong>cum</strong></span> <span class='ocrx_word' id='word_1_366' title='bbox 713 2546 822 2580; x_wconf 84' lang='lat' dir='ltr'><strong>laruis</strong></span> <span class='ocrx_word' id='word_1_367' title='bbox 843 2546 1027 2580; x_wconf 75' lang='lat' dir='ltr'><strong>luctemur.</strong></span> <span class='ocrx_word' id='word_1_368' title='bbox 1076 2547 1283 2589; x_wconf 78' lang='lat' dir='ltr'><strong>Quanquam</strong></span> <span class='ocrx_word' id='word_1_369' title='bbox 1305 2557 1386 2580; x_wconf 87' lang='lat' dir='ltr'><strong>cum</strong></span> <span class='ocrx_word' id='word_1_370' title='bbox 1406 2546 1515 2580; x_wconf 88' lang='lat' dir='ltr'><strong>laruis</strong></span> <span class='ocrx_word' id='word_1_371' title='bbox 1529 2548 1670 2589; x_wconf 78' lang='lat' dir='ltr'><strong>pugnat,</strong></span> <span class='ocrx_word' id='word_1_372' title='bbox 1688 2557 1760 2581; x_wconf 89' lang='lat' dir='ltr'><strong>non</strong></span> <span class='ocrx_word' id='word_1_373' title='bbox 1776 2546 1838 2590; x_wconf 84' lang='lat' dir='ltr'><strong>qui</strong></span> 
     </span>
     <span class='ocr_line' id='line_1_41' title="bbox 451 2599 1838 2644; baseline 0.001 -11"><span class='ocrx_word' id='word_1_374' title='bbox 451 2612 490 2641; x_wconf 82' lang='grc' dir='ltr'><strong>4ο</strong></span> <span class='ocrx_word' id='word_1_375' title='bbox 501 2600 670 2635; x_wconf 82' lang='lat' dir='ltr'><strong>maledico</strong></span> <span class='ocrx_word' id='word_1_376' title='bbox 701 2601 801 2643; x_wconf 89' lang='lat' dir='ltr'><strong>libro,</strong></span> <span class='ocrx_word' id='word_1_377' title='bbox 834 2612 939 2644; x_wconf 89' lang='lat' dir='ltr'><strong>quem</strong></span> <span class='ocrx_word' id='word_1_378' title='bbox 970 2599 1097 2643; x_wconf 83' lang='lat' dir='ltr'><strong>aliquis</strong></span> <span class='ocrx_word' id='word_1_379' title='bbox 1127 2600 1226 2634; x_wconf 80' lang='lat' dir='ltr'><strong>velut</strong></span> <span class='ocrx_word' id='word_1_380' title='bbox 1255 2600 1383 2634; x_wconf 86' lang='lat' dir='ltr'><strong>iniecto</strong></span> <span class='ocrx_word' id='word_1_381' title='bbox 1408 2600 1522 2634; x_wconf 89' lang='lat' dir='ltr'><strong>iaculo</strong></span> <span class='ocrx_word' id='word_1_382' title='bbox 1551 2600 1697 2635; x_wconf 83' lang='lat' dir='ltr'><strong>venenis</strong></span> <span class='ocrx_word' id='word_1_383' title='bbox 1723 2601 1838 2636; x_wconf 85' lang='lat' dir='ltr'><strong>tincto</strong></span> 
     </span>
     <span class='ocr_line' id='line_1_42' title="bbox 503 2654 1839 2699; baseline 0.001 -11"><span class='ocrx_word' id='word_1_384' title='bbox 503 2654 704 2699; x_wconf 86' lang='lat' dir='ltr'><strong>relinquens</strong></span> <span class='ocrx_word' id='word_1_385' title='bbox 725 2655 816 2699; x_wconf 79' lang='lat' dir='ltr'><strong>fugit</strong></span> <span class='ocrx_word' id='word_1_386' title='bbox 836 2667 856 2689; x_wconf 88' lang='lat' dir='ltr'><strong>e</strong></span> <span class='ocrx_word' id='word_1_387' title='bbox 875 2655 958 2696; x_wconf 79' lang='lat' dir='ltr'><strong>vita,</strong></span> <span class='ocrx_word' id='word_1_388' title='bbox 975 2654 1170 2698; x_wconf 82' lang='lat' dir='ltr'><strong>respondet,</strong></span> <span class='ocrx_word' id='word_1_389' title='bbox 1192 2655 1252 2690; x_wconf 84' lang='lat' dir='ltr'><strong>sed</strong></span> <span class='ocrx_word' id='word_1_390' title='bbox 1276 2655 1337 2699; x_wconf 90' lang='lat' dir='ltr'><strong>qui</strong></span> <span class='ocrx_word' id='word_1_391' title='bbox 1356 2656 1537 2689; x_wconf 87' lang='lat' dir='ltr'><strong>mortuum</strong></span> <span class='ocrx_word' id='word_1_392' title='bbox 1558 2665 1630 2689; x_wconf 86' lang='lat' dir='ltr'><strong>non</strong></span> <span class='ocrx_word' id='word_1_393' title='bbox 1653 2666 1839 2699; x_wconf 87' lang='lat' dir='ltr'><strong>responsu·</strong></span> 
     </span>
     <span class='ocr_line' id='line_1_43' title="bbox 501 2709 1840 2753; baseline 0.001 -9"><span class='ocrx_word' id='word_1_394' title='bbox 501 2720 582 2744; x_wconf 89' lang='lat' dir='ltr'><strong>rum</strong></span> <span class='ocrx_word' id='word_1_395' title='bbox 603 2710 696 2744; x_wconf 84' lang='lat' dir='ltr'><strong>vltro</strong></span> <span class='ocrx_word' id='word_1_396' title='bbox 719 2710 935 2745; x_wconf 83' lang='lat' dir='ltr'><strong>criminatur.</strong></span> <span class='ocrx_word' id='word_1_397' title='bbox 982 2709 1058 2753; x_wconf 84' lang='lat' dir='ltr'><strong>Ego</strong></span> <span class='ocrx_word' id='word_1_398' title='bbox 1082 2709 1235 2743; x_wconf 81' lang='lat' dir='ltr'><strong>Hutteni</strong></span> <span class='ocrx_word' id='word_1_399' title='bbox 1259 2710 1431 2753; x_wconf 85' lang='lat' dir='ltr'><strong>manibus,</strong></span> <span class='ocrx_word' id='word_1_400' title='bbox 1458 2709 1520 2744; x_wconf 81' lang='lat' dir='ltr'><strong>vbi</strong></span> <span class='ocrx_word' id='word_1_401' title='bbox 1546 2709 1637 2744; x_wconf 87' lang='lat' dir='ltr'><strong>mihi</strong></span> <span class='ocrx_word' id='word_1_402' title='bbox 1658 2720 1755 2744; x_wconf 80' lang='lat' dir='ltr'><strong>mors</strong></span> <span class='ocrx_word' id='word_1_403' title='bbox 1781 2711 1840 2745; x_wconf 85' lang='lat' dir='ltr'><strong>ho-</strong></span> 
     </span>
     <span class='ocr_line' id='line_1_44' title="bbox 930 2771 1403 2807; baseline 0.002 -8"><span class='ocrx_word' id='word_1_404' title='bbox 930 2778 978 2806; x_wconf 81' lang='grc' dir='ltr'><strong>4ο.</strong></span> <span class='ocrx_word' id='word_1_405' title='bbox 995 2779 1036 2807; x_wconf 70' lang='grc' dir='ltr'><strong>γε</strong></span> <span class='ocrx_word' id='word_1_406' title='bbox 1054 2771 1236 2799; x_wconf 76' lang='lat' dir='ltr'><strong>maledicum</strong></span> <span class='ocrx_word' id='word_1_407' title='bbox 1248 2771 1361 2799; x_wconf 82' lang='lat' dir='ltr'><strong>librum</strong></span> <span class='ocrx_word' id='word_1_408' title='bbox 1373 2772 1403 2802; x_wconf 75' lang='grc' dir='ltr'><strong>β.</strong></span> 
     </span>
    </p>
   </div>
  </div>
 </body>
</html>
