2248 3363
579 395 645 427 554
968 390 1182 425 Lsr'rnsss
1211 389 1274 424 οε·
1303 388 1531 425 muns
1851 388 1928 436 [εει.

577 490 714 522 cunque
737 478 792 513 ius
815 477 997 522 negligere.
1050 477 1192 518 Deinde,
1217 477 1250 510 si
1273 477 1413 511 tantum
1435 475 1494 510 vir
1515 476 1696 519 prudens
1723 488 1778 519 es,
1804 476 1928 520 expendo

577 533 700 577 quanti
722 534 925 567 constatura
947 532 993 566 sit
1017 531 1085 566 tibi
1107 531 1161 566 tui
1185 531 1273 565 iuris
1292 530 1505 572 vindicati03
1528 531 1564 566 si
1590 532 1725 567 nimio
1741 533 1797 576 (et
1813 531 1928 566 omnino

577 588 696 629 nimio,
705 587 736 621 si
744 587 900 621 vindicas
909 586 1039 629 armis),
1047 585 1121 620 noli
1131 587 1230 620 tanto
1238 585 1376 629 generis
1385 584 1537 619 humani
1546 586 1660 621 malo
1668 589 1789 622 tuum
1797 586 1925 623 titulum.

575 642 723 677 fortasse
754 641 894 683 falsum,
918 651 1069 675 asserere
1094 642 1149 675 tot
1171 640 1344 682 caedibus,
1369 641 1423 674 tot
1445 639 1688 684 orbitatibus,
1719 644 1783 677 tot
1813 644 1924 677 motum

509 706 563 728 100
575 696 745 739 suspiriis.
793 695 884 738 Quid
915 696 1026 729 credis
1055 694 1186 729 sentim
1215 694 1358 736 Tum,
1385 705 1496 738 quum
1524 695 1700 731 audiunt
1730 697 1924 733 Christiane

575 750 750 794 principes
772 751 882 784 tantis
903 749 1006 784 furiis
1034 750 1128 783 inter
1157 760 1232 784 sese
1255 748 1466 790 debacchari,
1491 748 1611 793 idque
1636 753 1800 786 tauhun
1824 752 1867 785 ob
1883 751 1924 784 im·

574 805 662 848 perii
685 805 859 839 titulum?
902 804 982 839 Iam
1002 803 1180 838 vindicata
1202 805 1256 838 est
1274 814 1295 838 a
1311 803 1425 838 Gallis
1440 802 1558 839 Italia.
1615 805 1727 848 Quid
1753 809 1873 840 aetum
1888 809 1923 839 ut

573 861 673 893 tanto
699 859 867 903 sanguine
891 859 960 893 nisi
987 860 1036 901 vt,
1064 858 1124 892 vbi
1147 860 1229 892 ante
1254 858 1377 892 Gallus
1400 857 1704 903 administrabat,
1736 870 1838 895 nune
1861 859 1923 895 sliu

574 913 746 957 quispiam
762 913 1013 948 administret?
1059 912 1106 946 Et
1121 912 1219 955 prius
1234 912 1348 955 magis
1362 911 1507 946 florebat
1522 923 1645 956 quam
1663 925 1774 949 nunc
1793 915 1894 950 floret.

508 979 559 1006 105
619 968 687 1002 Sed
711 968 821 1002 nolim
844 968 950 1002 altius
973 968 1011 1001 in
1034 967 1119 1002 haec
1142 966 1359 1001 descendere.
1408 966 1507 1010 Quod
1533 967 1568 1001 si
1592 979 1678 1012 qua
1703 970 1794 1005 iura
1816 970 1923 1005 benun

571 1023 776 1065 admittunt,
792 1034 834 1057 ea
846 1033 960 1056 crassa
975 1024 1059 1056 sunt
1078 1025 1113 1056 et
1129 1021 1311 1056 Christum
1331 1021 1403 1055 iam
1423 1021 1719 1065 degenerantem
1745 1025 1888 1069 sapiunt
1898 1034 1923 1057 ιο

573 1077 761 1112 mundanis
787 1077 913 1121 opibus
936 1078 1131 1111 oneratum.
1190 1075 1237 1110 Et
1260 1075 1356 1110 haud
1382 1075 1455 1109 scio
1477 1086 1523 1110 an
1549 1078 1721 1114 omnino
1742 1079 1836 1115 haee
1856 1079 1922 1113 belh

572 1131 743 1175 probent;
766 1131 826 1165 sed
846 1130 981 1175 quoties
1003 1131 1120 1166 studio
1144 1130 1295 1165 tuendae
1320 1130 1403 1164 fidei
1429 1141 1497 1174 pax
1520 1130 1751 1168 Chi-istim
1778 1135 1920 1169 aduersu

572 1186 797 1220 barbarorum
820 1185 981 1220 incursus
1002 1185 1210 1228 defenditur,
1236 1184 1286 1219 ibi
1305 1185 1407 1218 video
1432 1195 1713 1230 nonnunquam
1730 1200 1756 1223 a
1772 1190 1846 1233 piis
1858 1188 1919 1223 viris

504 1251 559 1271 110
572 1251 642 1275 non
676 1240 911 1285 improbatum
942 1240 1088 1274 bellum.
1134 1240 1202 1273 Sed
1233 1251 1296 1273 cur
1325 1239 1388 1273 illa
1417 1250 1526 1282 pauca
1557 1241 1678 1276 nobis
1706 1243 1753 1278 in
1788 1246 1919 1278 menum

571 1295 718 1329 veniunt
734 1295 779 1329 ab
793 1294 999 1329 hominibus
1020 1295 1151 1329 tradita
1173 1295 1291 1337 potius
1313 1305 1420 1337 quam
1443 1296 1516 1328 tam
1536 1293 1666 1331 mult·
1682 1307 1708 1331 a
1723 1297 1919 1337 Christe&

570 1349 761 1393 Apostolus,
789 1349 832 1383 ab
861 1348 1062 1383 orthodoxis
1087 1360 1127 1383 ac
1153 1348 1409 1392 probatissimis
1433 1347 1606 1391 patribus,
1637 1350 1693 1385 de
1716 1362 1813 1395 paee
1836 1354 1920 1397 deqv

571 1404 744 1439 malorum
759 1403 945 1438 tolerantia
960 1403 1079 1437 dicta?
1124 1403 1215 1445 Quid
1231 1405 1284 1436 est
1299 1402 1392 1447 quod
1413 1413 1483 1436 non
1504 1402 1631 1446 aliquo
1655 1407 1779 1442 modo
1799 1406 1919 1442 defendi

569 1458 707 1502 possit?
742 1459 946 1502 praesertim
969 1457 1028 1491 vbi
1051 1457 1111 1500 qui
1134 1459 1260 1501 gerunt
1283 1468 1358 1491 rem
1381 1458 1466 1492 sunt
1488 1456 1516 1491 ii
1538 1468 1707 1501 quorum
1732 1462 1919 1497 cumaei

503 1523 555 1552 υς,
569 1523 656 1547 nora
671 1524 734 1555 per
748 1512 984 1547 adulationem
999 1512 1187 1546 laudantur
1198 1523 1218 1545 a
1228 1512 1361 1553 multis,
1373 1513 1488 1546 errata
1502 1522 1611 1546 nemo
1628 1515 1739 1551 ausit
1754 1518 1918 1562 repreben-

570 1567 659 1601 dere.
706 1567 774 1600 Sed
799 1567 944 1600 interim
966 1566 1152 1600 obscurum
1177 1577 1250 1599 non
1273 1567 1327 1600 est
1348 1566 1434 1609 quid
1456 1568 1659 1611 precentur,
1682 1571 1782 1614 quid
1807 1573 1916 1616 optent.

569 1621 654 1664 quid
678 1621 863 1664 suspirent,
887 1621 997 1654 bonae
1021 1622 1167 1654 mentes.
1216 1621 1314 1663 Quod
1337 1621 1369 1654 si
1392 1620 1533 1664 propius
1557 1622 1756 1668 inspicias,
1776 1626 1917 1671 pleraque

570 1676 707 1719 priuata
729 1677 812 1709 sunt
836 1675 1035 1719 principum
1059 1675 1103 1709 ob
1126 1685 1213 1718 quae
1236 1675 1368 1709 bellum
1392 1675 1593 1719 suscipitur.
1648 1678 1807 1721 Qum
1830 1684 1915 1723 tgna

569 1729 635 1764 hoc
656 1730 852 1764 humanum
876 1740 1005 1772 censes,
1025 1740 1106 1763 mox
1128 1729 1248 1764 orbem
1271 1730 1314 1764 ad
1338 1740 1437 1764 arma
1459 1733 1695 1775 commoneri,
1717 1735 1916 1779 quotioehie

500 1797 555 1817 no
568 1787 629 1819 aut
643 1785 704 1819 ille
724 1784 885 1829 princeps
908 1784 952 1818 ob
975 1784 1116 1828 quiduis
1139 1784 1377 1819 stomachatur
1399 1785 1436 1818 in
1459 1784 1664 1829 principem
1691 1792 1765 1824 aut
1789 1791 1915 1826 fortun

568 1840 786 1875 stomachum
810 1839 981 1874 simulat?

612 1895 685 1929 Nos
700 1897 820 1938 optare
836 1905 1023 1937 possumus
1044 1894 1183 1937 optima,
1200 1894 1260 1928 sed
1281 1896 1401 1937 optare
1421 1895 1569 1928 tantum.
1621 1895 1710 1941 Ego
1726 1903 1830 1935 ωηο
1844 1900 1915 1945 quie-

567 1950 651 1994 quid
677 1949 787 1983 habeo
813 1949 982 1990 fortunae,
1010 1948 1046 1982 id
1074 1948 1184 1982 habeo
1216 1949 1309 1991 apud
1336 1949 1545 1990 Britannos3
1579 1960 1719 1986 verum
1750 1954 1790 1989 id
1818 1957 1914 1990 town

565 2004 716 2037 libenter
738 2004 911 2047 resignem
928 2003 992 2037 hac
1009 2003 1084 2046 lege
1101 2004 1141 2036 vt
1162 2003 1255 2036 inter
1272 2003 1489 2037 Christianos
1511 2002 1701 2047 principes
1724 2008 1914 2044 Clu-istim

499 2067 550 2096 ¹25
565 2070 632 2102 pax
664 2058 779 2092 coiret.
841 2058 898 2092 Ad
924 2067 1002 2091 eam
1031 2069 1106 2091 rem
1133 2069 1205 2091 non
1234 2057 1406 2091 mediocre
1433 2058 1663 2092 momentum
1696 2062 1768 2097 tua
1800 2065 1914 2099 adferet

564 2113 741 2152 autoritas,
768 2122 855 2155 quae
882 2112 1036 2145 multum
1059 2112 1150 2155 apud
1174 2111 1373 2155 Principem
1397 2111 1569 2152 Carolum,
1594 2112 1816 2155 plurimum
1839 2117 1913 2163 apud

564 2165 846 2200 Maximilianum
872 2166 973 2207 valet,
1002 2166 1182 2200 Britannis
1208 2167 1315 2200 etiam
1340 2166 1539 2209 proceribus
1563 2169 1747 2210 gratiosa,
1811 2174 1914 2218 Neque

564 2221 685 2255 dubito
700 2220 785 2264 quin
801 2221 874 2264 ipse
890 2220 961 2253 iam
976 2223 1140 2263 expertus
1152 2221 1202 2254 sis
1214 2221 1296 2263 quid
1308 2220 1570 2263 dispendiorum
1582 2221 1625 2256 in
1636 2222 1760 2261 bellis
1770 2230 1914 2263 adfemt

563 2276 670 2310 etiam
686 2276 800 2309 amici.
849 2275 1000 2308 Proinde
1016 2277 1117 2309 tuum
1137 2286 1274 2318 quoque
1294 2275 1476 2319 negocium
1496 2285 1585 2318 ages,
1604 2277 1640 2311 si
1655 2279 1848 2318 adniteris
1860 2292 1915 2327 quo

498 2339 551 2367 ¹30
564 2331 695 2366 bellum
711 2331 779 2364 hoc
793 2331 900 2364 finem
921 2330 1073 2372 accipiat,
1093 2341 1137 2363 ne
1157 2330 1222 2363 tibi
1243 2330 1381 2363 videare
1404 2330 1513 2373 gratis
1535 2330 1604 2363 hoc
1630 2343 1773 2376 opem
1798 2348 1915 2381 w

563 2387 674 2420 turus.
739 2386 784 2419 In
815 2386 895 2419 tuos
926 2384 1125 2427 complexus
1155 2395 1343 2425 accurram,
1378 2385 1483 2418 simul
1519 2386 1628 2427 atque
1670 2388 1809 2427 licebit
1849 2392 1916 2427 him

564 2440 710 2474 euolare.
751 2440 892 2473 Interea
906 2438 996 2472 bene
1011 2439 1098 2480 vale,
1117 2442 1216 2482 pater
1230 2438 1453 2482 amplissime.
1493 2438 1536 2472 D.
1556 2438 1770 2481 Gnisberto
1787 2448 1916 2485 medion,-

565 2495 607 2529 D.
623 2494 784 2529 Antonio
801 2493 1040 2536 Lutsenburgo
1056 2494 1175 2527 omnia
1191 2493 1306 2527 fausta
1320 2493 1479 2537 laetaque
1493 2503 1628 2537 precor.

610 2549 772 2590 Londini,
788 2549 900 2592 pridie
915 2548 1002 2582 Idus
1018 2548 1171 2582 Martias.
1221 2558 1378 2582 nunu.

605 2639 665 2665 ¹⁰7·
686 2632 812 2658 omnino
825 2633 931 2658 adeI.
1011 2638 1068 2665 ¹09·
1089 2630 1131 2656 ibi
1145 2651 1151 2657 .
1166 2650 1173 2657 .
1188 2650 1195 2657 .
1214 2638 1273 2657 ¹10.
1288 2629 1401 2656 bellum
1412 2630 1520 2657 adeI.
1598 2638 1609 2656 x
1619 2639 1670 2663 ιη,
1694 2637 1739 2664 ῃ)
1754 2639 1920 2668 orthodoxi,

564 2687 571 2695 .
587 2688 595 2695 .
611 2688 619 2695 .
632 2669 769 2702 patribus
781 2670 883 2695 add.P.
960 2674 1019 2694 ιω.
1039 2668 1142 2701 optare
1151 2670 1210 2699 post
1221 2666 1273 2694 sed
1286 2668 1349 2693 add.
1363 2668 1396 2694 F.
1471 2673 1532 2699 132.
1553 2665 1589 2694 1).
1606 2676 1665 2699 om,
1683 2673 1724 2701 Η,
1813 2684 1872 2712 ¹33·
1891 2675 1918 2703 1),

564 2712 613 2731 om.
629 2706 665 2732 H.
780 2712 839 2739 ¹34.
858 2711 978 2731 ¹³).an
991 2705 1055 2731 add.
1068 2705 1103 2730 H.
