2248 3363
494 390 537 422 32
885 387 1097 422 LETTERS
1127 387 1188 423 oF
1217 387 1441 423 ERASMUS
1724 384 1832 434 [¹⁵²⁴

493 478 529 510 et
543 487 630 519 opus
646 475 689 510 de
704 475 965 519 quatuordecim
984 474 1138 518 spectris,
1155 475 1245 509 addo
1264 486 1323 509 eos
1342 476 1452 509 libros
1467 474 1574 509 etiam
1592 474 1665 509 illis
1679 474 1829 518 probari,

492 530 554 573 qui
575 530 726 574 reliquos
748 530 978 570 damnarent3
1011 530 1230 573 ‘quanquam
1251 532 1286 563 et
1311 530 1351 563 in
1372 528 1449 564 his'
1473 529 1618 572 inquam
1643 530 1834 564 ‘admiscet

492 585 662 628 quaedam
680 585 766 618 sus!
811 584 879 618 Ille
899 585 1059 628 repetens
1079 595 1275 628 pronomen
1294 584 1396 618 ‘sus’
1410 584 1498 618 risit.
1545 583 1624 618 1100
1637 583 1707 618 fuit
1729 584 1834 618 nobis

493 639 650 683 primum
674 639 886 683 colloquium
911 639 954 673 de
978 639 1115 680 Latere,
1131 650 1174 672 ex
1197 650 1267 683 quo
1290 650 1353 673 neo
1376 638 1438 673 ille
1460 639 1545 672 satis
1570 640 1725 682 percepit
1747 639 1832 683 quid

462 706 478 734 5
494 693 583 727 mihi
613 695 705 728 esset
728 694 839 728 animi
862 693 901 727 in
929 693 1107 732 Laterum,
1137 705 1199 728 nec
1222 704 1287 737 ego
1311 693 1394 737 quid
1426 693 1490 727 ini.
1539 693 1694 728 Rursum
1722 706 1834 738 quum

493 748 623 781 iterum
647 748 814 782 inuiseret
839 759 905 789 me,
934 748 1023 781 forte
1046 748 1180 782 iacebat
1204 749 1244 782 in
1271 759 1394 782 mense
1424 748 1516 781 inter
1541 749 1673 782 multas
1695 749 1835 783 chartus

494 803 641 845 epistola
661 814 767 845 quam
784 803 959 836 Lutherus
974 813 1091 837 recens
1111 803 1155 836 ad
1172 814 1228 836 me
1245 803 1436 846 scripserat.
1486 803 1541 836 Ex
1561 803 1626 836 hac
1640 802 1702 836 ille
1717 803 1835 837 neseio

494 869 564 901 quo
579 859 677 901 pecto
694 857 800 891 verba
813 858 981 901 quaedam
998 857 1107 891 oculis
1126 859 1293 900 rapuerat,
1312 858 1439 900 quibus
1456 857 1631 891 Lutherus
1645 857 1834 892 videbatur

495 923 616 955 parum
632 912 815 955 magnifice
829 912 873 945 de
891 922 950 945 me
962 912 1102 945 sentire.
1150 912 1232 945 Mox
1247 912 1340 945 inter
1359 911 1651 946 confabulandum
1667 912 1769 946 visus
1782 913 1835 946 est

447 978 480 997 ιο
494 966 583 1000 velle
598 966 762 1000 suffurari
776 965 905 1000 literas.
955 964 997 999 Id
1019 976 1083 1009 ego
1103 965 1330 999 dissimulans
1350 969 1503 1009 receptas
1517 978 1537 1000 e
1552 965 1717 1000 manibus
1738 966 1834 1000 illius

494 1021 637 1064 reposui.
685 1020 773 1055 Post
794 1020 879 1054 haee
900 1019 1050 1063 ingressi
1071 1030 1195 1054 sumus
1213 1023 1362 1063 μουσεῖον
1383 1024 1552 1061 nostrum,
1571 1023 1606 1055 et
1630 1020 1834 1065 aliquandiu

493 1075 709 1110 confabulati
738 1085 861 1108 sumus
891 1074 935 1108 de
961 1074 1064 1107 rebus
1095 1085 1182 1117 quae
1209 1073 1301 1108 nihil
1330 1074 1373 1109 sd
1401 1074 1596 1109 Lutherum
1622 1075 1830 1109 attinebant.

493 1130 641 1164 Interim
666 1129 905 1163 animaduerto
931 1128 1037 1162 illum
1066 1139 1187 1162 rursus
1216 1129 1363 1162 eandem
1393 1130 1576 1172 epistolam
1603 1131 1723 1163 tenere
1747 1130 1834 1163 clan-

493 1184 622 1218 culum.
670 1184 729 1218 Ibi
743 1183 861 1216 ridens
876 1182 946 1216 ‘Vt
960 1182 1081 1216 video’
1095 1182 1240 1225 inquam
1257 1183 1411 1217 ‘moliris
1434 1184 1492 1218 hie
1512 1184 1647 1218 furtum
1668 1183 1835 1228 aliquod!

446 1250 479 1278 ¹5
495 1239 627 1272 Arrisit
648 1237 710 1271 ille
730 1239 766 1271 et
787 1236 902 1270 fassus
922 1237 984 1271 est.
1034 1236 1129 1280 Rogo
1152 1237 1190 1270 in
1214 1248 1319 1280 quem
1342 1248 1447 1272 vsum
1462 1237 1570 1272 vellet
1592 1249 1673 1271 eam
1697 1238 1830 1272 tollere.

495 1289 652 1326 ‘Dicam’
666 1291 799 1334 inquitg
817 1290 935 1324 ‘multi
950 1291 1066 1324 eonati
1081 1293 1165 1324 sunt
1177 1294 1297 1326 nostro
1309 1304 1446 1336 quoque
1457 1293 1531 1335 regi
1545 1293 1755 1336 persuadere
1769 1291 1833 1327 tibi

494 1358 574 1381 cum
598 1346 751 1380 Luthero
776 1345 898 1379 foedus
921 1356 997 1379 esse
1020 1346 1279 1388 arctissimum3
1310 1358 1369 1381 eos
1392 1349 1577 1391 coarguent
1599 1347 1667 1381 hae
1689 1347 1834 1382 litem'

497 1402 568 1436 ‘Ad
584 1402 648 1435 hoc
658 1401 666 1416 ’
681 1401 827 1444 inquam
845 1400 1005 1433 ‘reddam
1021 1401 1057 1433 te
1071 1399 1340 1444 instructiorem,
1357 1403 1392 1436 et
1407 1402 1499 1435 hane
1516 1401 1607 1436 dabo
1620 1402 1832 1447 αὐτόγραφον,

493 1457 706 1499 simulatque
727 1455 834 1488 fuerit
858 1454 1037 1497 descripta,
1060 1456 1096 1488 et
1119 1455 1246 1489 addam
1269 1456 1355 1490 duas
1377 1456 1512 1497 alteras,
1531 1456 1567 1489 in
1591 1456 1720 1499 quibus
1745 1456 1833 1491 odio-

446 1523 481 1544 ιο
495 1512 568 1545 sius
582 1511 689 1544 etiam
702 1510 744 1543 de
759 1520 817 1543 me
832 1508 1023 1551 praedicam
1047 1520 1197 1552 quarum
1212 1509 1359 1544 alteram
1373 1510 1583 1544 excuderunt
1595 1510 1831 1553 Argentorati,

494 1566 641 1599 alteram
662 1575 774 1607 nuper
794 1563 999 1598 aediderunt
1019 1564 1135 1598 nescio
1157 1565 1227 1608 qui.
1275 1565 1363 1599 His'
1384 1565 1529 1609 inquam
1546 1566 1663 1609 ‘potes
1682 1568 1720 1599 et
1743 1564 1834 1609 apud

494 1621 696 1655 Gaesarem’
719 1619 816 1662 (nam
838 1629 880 1652 eo
904 1618 1184 1660 proficiscebatur
1206 1619 1353 1663 legatus)
1379 1621 1518 1654 ‘docere
1541 1619 1632 1654 mihi
1658 1631 1734 1654 non
1762 1623 1833 1655 tam

494 1679 627 1708 arctam
654 1684 730 1706 esse
753 1672 1045 1706 necessitudinem
1068 1684 1149 1707 cum
1173 1673 1327 1708 Luthero
1350 1685 1456 1717 quam
1481 1674 1586 1708 multi
1608 1675 1834 1717 praedicant!

495 1729 630 1763 Rursus
649 1728 717 1762 alio
737 1727 909 1770 colloquio
931 1728 1068 1770 roganti
1092 1728 1252 1771 nunquid
1275 1729 1462 1763 scriberem
1483 1730 1605 1763 contra
1626 1729 1831 1771 Lutherum,

446 1796 479 1824 ²5
494 1784 550 1818 aio
575 1795 632 1817 me
657 1784 709 1816 tot
734 1782 912 1816 laboribus
936 1783 1139 1816 necessariis
1165 1783 1313 1818 distrahi
1337 1786 1376 1818 vt
1406 1784 1451 1818 ad
1481 1784 1549 1818 alia
1578 1784 1719 1818 nullum
1745 1786 1834 1819 emet

493 1839 618 1872 ocium.
668 1838 759 1871 Tum
782 1837 893 1880 aperit
922 1836 1013 1870 mihi
1038 1839 1250 1881 quantopem
1280 1838 1448 1873 Poloniae
1472 1850 1532 1872 rex
1558 1838 1719 1872 infensus
1744 1841 1834 1874 esset

493 1893 656 1929 Luthero.
674 1902 820 1925 narrans
834 1890 1015 1925 cuiusdam
1035 1892 1241 1935 praediuitis
1262 1893 1419 1926 fortunas
1442 1903 1564 1927 omnes
1579 1893 1737 1927 addictas
1752 1894 1833 1928 fiseo

494 1947 589 1990 regio
609 1946 654 1980 ob
674 1947 818 1980 vnicum
839 1945 986 1979 Lutheri
1006 1945 1169 1980 libellum
1192 1947 1229 1980 in
1252 1946 1348 1981 illius
1371 1947 1516 1981 aedibus
1538 1948 1728 1990 repertum.
1779 1946 1833 1982 Ibi

494 2002 580 2036 satis
603 2012 684 2044 prae
706 2011 764 2034 me
785 2000 853 2034 tuli
876 1999 967 2033 mihi
991 2010 1061 2034 non
1087 2000 1228 2042 probari
1250 2002 1307 2036 vel
1329 2002 1525 2043 saeuieiam,
1551 2001 1608 2035 vel
1631 2004 1833 2046 exemplum

446 2067 482 2095 30
495 2066 558 2098 per
586 2054 801 2089 occasionem
831 2054 1022 2087 inuadendi
1052 2054 1176 2089 domos
1206 2056 1348 2090 ciuium.
1395 2056 1553 2099 Denique
1583 2066 1834 2091 conscensurus

495 2120 602 2152 equos
623 2109 714 2142 redit
731 2109 776 2142 ad
797 2119 863 2149 me,
881 2119 921 2142 ac
938 2108 1094 2151 deposito
1117 2110 1156 2142 in
1179 2121 1337 2145 mensam
1356 2110 1497 2145 vasculo
1520 2111 1683 2153 argenteo
1701 2111 1833 2154 ‘Rogo’

496 2164 615 2207 inquit
639 2163 697 2196 ‘vt
721 2162 787 2196 hoo
813 2162 924 2196 animi
948 2162 1019 2196 mei
1044 2164 1171 2207 pignus
1195 2165 1292 2198 sinas
1317 2176 1392 2199 esse
1415 2165 1506 2208 apud
1530 2165 1586 2199 te!
1631 2165 1748 2206 Quum
1774 2174 1834 2210 ego

496 2228 702 2259 recusarem,
719 2227 865 2251 causans
879 2227 937 2251 me
955 2217 1046 2251 nihil
1060 2230 1215 2262 vnquam
1231 2220 1273 2253 de
1289 2220 1351 2253 illo
1365 2220 1595 2262 promeritum
1617 2230 1680 2253 nee
1702 2230 1780 2253 esse
1798 2219 1832 2253 in

495 2282 565 2316 quo
581 2282 720 2315 possem
735 2271 790 2304 illi
805 2271 1003 2314 gratificari,
1024 2272 1140 2306 ‘Nihil
1152 2273 1161 2287 ⁹
1175 2274 1291 2316 inquit
1308 2274 1422 2308 ‘aliud
1438 2274 1501 2308 abs
1516 2276 1551 2308 te
1566 2276 1647 2317 peto
1668 2285 1778 2317 quam
1796 2275 1833 2307 vt

446 2340 481 2368 35
496 2338 593 2361 ames
613 2326 707 2360 hunc
726 2326 930 2360 hominem.'
974 2327 1130 2361 Tandem
1150 2328 1257 2361 tradit
1277 2330 1314 2362 et
1337 2329 1473 2372 regium
1496 2328 1648 2362 edictum
1672 2328 1833 2363 formulis

496 2392 677 2418 excusum.

541 2435 639 2469 Haec
662 2437 717 2468 est
740 2437 814 2469 tota
839 2436 956 2469 nostra
979 2435 1022 2469 de
1044 2436 1200 2469 Luthero
1222 2436 1464 2471 confabulatio.
1513 2437 1571 2470 Sic
1592 2437 1653 2470 ille
1677 2437 1833 2473 ‹1th

496 2501 517 2523 s
533 2502 589 2524 me
605 2491 799 2524 instructus
818 2491 855 2524 et
878 2492 1098 2533 exasperatus
1114 2491 1152 2525 in
1174 2491 1379 2525 Lutherum.
1428 2491 1535 2525 Hune
1550 2491 1668 2535 igitur,
1686 2493 1728 2526 vt
1742 2502 1833 2527 nuno

535 2637 561 2663 7.
580 2628 722 2664 epistola]
740 2629 799 2656 LB.
816 2629 877 2663 726,
893 2628 956 2657 LE.
967 2636 1031 2663 592,
1045 2627 1135 2655 dated
1191 2629 1218 2655 is
1228 2628 1356 2664 perhaps
1365 2628 1422 2656 LE.
1433 2637 1496 2664 505,
1507 2629 1598 2656 dated
1606 2638 1644 2658 20
1656 2630 1739 2659 June
1755 2638 1830 2666 1523,

497 2664 622 2701 (April)
643 2673 731 2699 1524:
760 2665 915 2693 snswered
936 2666 974 2700 by
994 2665 1137 2692 Erasmus
1192 2665 1226 2691 in
1236 2665 1338 2693 which
1351 2665 1467 2693 Luther
1476 2674 1577 2694 warns
1586 2667 1832 2703 Oeoolampndiu·

498 2702 516 2728 8
532 2702 600 2736 May
615 2710 695 2735 152⁴·
1192 2702 1309 2736 against
1332 2702 1486 2738 following
1508 2703 1660 2738 Erasmus,
1681 2704 1737 2731 but
1761 2704 1777 2731 1
1797 2704 1832 2730 do

538 2746 579 2771 ¹9·
600 2738 688 2774 duas]
706 2739 770 2765 The
783 2739 849 2766 first
863 2738 897 2765 os
913 2738 997 2765 these
1013 2739 1040 2765 is
1052 2738 1138 2773 prob·
1194 2740 1247 2765 not
1267 2739 1355 2765 know
1368 2739 1436 2766 that
1455 2740 1479 2766 it
1497 2748 1558 2767 was
1576 2740 1701 2774 printed
1720 2742 1753 2768 at
1771 2740 1832 2768 this

497 2774 568 2809 ably
578 2774 703 2809 LE.401;
715 2775 788 2810 ‹zi-p.
799 2776 844 2804 28.
850 2784 885 2810 37
897 2782 929 2802 n.
957 2774 1021 2802 The
1027 2775 1138 2802 second
1193 2774 1280 2802 time.
1431 2800 1433 2803 ,
1477 2787 1479 2789 ·
